%YAML 1.1
%TAG !u! tag:unity3d.com,2011:
--- !u!1001 &100100000
Prefab:
  m_ObjectHideFlags: 1
  serializedVersion: 2
  m_Modification:
    m_TransformParent: {fileID: 0}
    m_Modifications: []
    m_RemovedComponents: []
  m_ParentPrefab: {fileID: 0}
  m_RootGameObject: {fileID: 1145868523609370}
  m_IsPrefabParent: 1
--- !u!1 &1004973668170550
GameObject:
  m_ObjectHideFlags: 1
  m_PrefabParentObject: {fileID: 0}
  m_PrefabInternal: {fileID: 100100000}
  serializedVersion: 5
  m_Component:
  - component: {fileID: 4615033446156284}
  - component: {fileID: 33840746857872878}
  - component: {fileID: 23194094403872342}
  m_Layer: 11
  m_Name: quiver
  m_TagString: Untagged
  m_Icon: {fileID: 0}
  m_NavMeshLayer: 0
  m_StaticEditorFlags: 0
  m_IsActive: 1
--- !u!1 &1007543414264936
GameObject:
  m_ObjectHideFlags: 1
  m_PrefabParentObject: {fileID: 0}
  m_PrefabInternal: {fileID: 100100000}
  serializedVersion: 5
  m_Component:
  - component: {fileID: 4021686564251128}
  m_Layer: 11
  m_Name: Bip01 skirt_back
  m_TagString: Untagged
  m_Icon: {fileID: 0}
  m_NavMeshLayer: 0
  m_StaticEditorFlags: 0
  m_IsActive: 1
--- !u!1 &1025003750718410
GameObject:
  m_ObjectHideFlags: 1
  m_PrefabParentObject: {fileID: 0}
  m_PrefabInternal: {fileID: 100100000}
  serializedVersion: 5
  m_Component:
  - component: {fileID: 4840341349708694}
  m_Layer: 11
  m_Name: Bip01 Head
  m_TagString: Untagged
  m_Icon: {fileID: 0}
  m_NavMeshLayer: 0
  m_StaticEditorFlags: 0
  m_IsActive: 1
--- !u!1 &1044524963627326
GameObject:
  m_ObjectHideFlags: 1
  m_PrefabParentObject: {fileID: 0}
  m_PrefabInternal: {fileID: 100100000}
  serializedVersion: 5
  m_Component:
  - component: {fileID: 4721021745031236}
  m_Layer: 11
  m_Name: Bip01 Spine2
  m_TagString: Untagged
  m_Icon: {fileID: 0}
  m_NavMeshLayer: 0
  m_StaticEditorFlags: 0
  m_IsActive: 1
--- !u!1 &1051198598135956
GameObject:
  m_ObjectHideFlags: 0
  m_PrefabParentObject: {fileID: 0}
  m_PrefabInternal: {fileID: 100100000}
  serializedVersion: 5
  m_Component:
  - component: {fileID: 4699267059009218}
  - component: {fileID: 137775001888982286}
  m_Layer: 11
  m_Name: skeleton_archer_mail
  m_TagString: Untagged
  m_Icon: {fileID: 0}
  m_NavMeshLayer: 0
  m_StaticEditorFlags: 0
  m_IsActive: 1
--- !u!1 &1069692379333070
GameObject:
  m_ObjectHideFlags: 1
  m_PrefabParentObject: {fileID: 0}
  m_PrefabInternal: {fileID: 100100000}
  serializedVersion: 5
  m_Component:
  - component: {fileID: 4115338196857906}
  - component: {fileID: 33110365484494802}
  - component: {fileID: 23640117265551380}
  m_Layer: 11
  m_Name: arrow_06
  m_TagString: Untagged
  m_Icon: {fileID: 0}
  m_NavMeshLayer: 0
  m_StaticEditorFlags: 0
  m_IsActive: 1
--- !u!1 &1073595375665918
GameObject:
  m_ObjectHideFlags: 1
  m_PrefabParentObject: {fileID: 0}
  m_PrefabInternal: {fileID: 100100000}
  serializedVersion: 5
  m_Component:
  - component: {fileID: 4344204282765226}
  - component: {fileID: 33762212059458072}
  - component: {fileID: 23579840032251414}
  m_Layer: 11
  m_Name: Skeleton_footman_sword
  m_TagString: Untagged
  m_Icon: {fileID: 0}
  m_NavMeshLayer: 0
  m_StaticEditorFlags: 0
  m_IsActive: 1
--- !u!1 &1077858103605496
GameObject:
  m_ObjectHideFlags: 1
  m_PrefabParentObject: {fileID: 0}
  m_PrefabInternal: {fileID: 100100000}
  serializedVersion: 5
  m_Component:
  - component: {fileID: 4747551061458054}
  m_Layer: 11
  m_Name: Bip01 L Finger12
  m_TagString: Untagged
  m_Icon: {fileID: 0}
  m_NavMeshLayer: 0
  m_StaticEditorFlags: 0
  m_IsActive: 1
--- !u!1 &1081981659729824
GameObject:
  m_ObjectHideFlags: 1
  m_PrefabParentObject: {fileID: 0}
  m_PrefabInternal: {fileID: 100100000}
  serializedVersion: 5
  m_Component:
  - component: {fileID: 4977818766370742}
  m_Layer: 11
  m_Name: Bip01 Pelvis
  m_TagString: Untagged
  m_Icon: {fileID: 0}
  m_NavMeshLayer: 0
  m_StaticEditorFlags: 0
  m_IsActive: 1
--- !u!1 &1128306891414674
GameObject:
  m_ObjectHideFlags: 1
  m_PrefabParentObject: {fileID: 0}
  m_PrefabInternal: {fileID: 100100000}
  serializedVersion: 5
  m_Component:
  - component: {fileID: 4443693198869616}
  m_Layer: 11
  m_Name: Bip01 R Finger11
  m_TagString: Untagged
  m_Icon: {fileID: 0}
  m_NavMeshLayer: 0
  m_StaticEditorFlags: 0
  m_IsActive: 1
--- !u!1 &1145868523609370
GameObject:
  m_ObjectHideFlags: 0
  m_PrefabParentObject: {fileID: 0}
  m_PrefabInternal: {fileID: 100100000}
  serializedVersion: 5
  m_Component:
  - component: {fileID: 4640365856573330}
  - component: {fileID: 95878861814884544}
  - component: {fileID: 114998446578963926}
  - component: {fileID: 114661345196569884}
  - component: {fileID: 114815003934013442}
  - component: {fileID: 54791008220869448}
  - component: {fileID: 136354485816967828}
  - component: {fileID: 195931294566544280}
  - component: {fileID: 114241791909347536}
  - component: {fileID: 114362490190293638}
  m_Layer: 11
  m_Name: SkeletonArcher
  m_TagString: Untagged
  m_Icon: {fileID: 0}
  m_NavMeshLayer: 0
  m_StaticEditorFlags: 0
  m_IsActive: 1
--- !u!1 &1155358171031532
GameObject:
  m_ObjectHideFlags: 0
  m_PrefabParentObject: {fileID: 0}
  m_PrefabInternal: {fileID: 100100000}
  serializedVersion: 5
  m_Component:
  - component: {fileID: 4554012539256306}
  - component: {fileID: 137389011414175878}
  m_Layer: 11
  m_Name: skeleton_archer_armor
  m_TagString: Untagged
  m_Icon: {fileID: 0}
  m_NavMeshLayer: 0
  m_StaticEditorFlags: 0
  m_IsActive: 1
--- !u!1 &1162689787345326
GameObject:
  m_ObjectHideFlags: 1
  m_PrefabParentObject: {fileID: 0}
  m_PrefabInternal: {fileID: 100100000}
  serializedVersion: 5
  m_Component:
  - component: {fileID: 4938159735091986}
  m_Layer: 11
  m_Name: Bip01 skirt_front
  m_TagString: Untagged
  m_Icon: {fileID: 0}
  m_NavMeshLayer: 0
  m_StaticEditorFlags: 0
  m_IsActive: 1
--- !u!1 &1188283483091670
GameObject:
  m_ObjectHideFlags: 1
  m_PrefabParentObject: {fileID: 0}
  m_PrefabInternal: {fileID: 100100000}
  serializedVersion: 5
  m_Component:
  - component: {fileID: 4074967990846224}
  m_Layer: 11
  m_Name: Bip01 L Thigh
  m_TagString: Untagged
  m_Icon: {fileID: 0}
  m_NavMeshLayer: 0
  m_StaticEditorFlags: 0
  m_IsActive: 1
--- !u!1 &1233218032700470
GameObject:
  m_ObjectHideFlags: 1
  m_PrefabParentObject: {fileID: 0}
  m_PrefabInternal: {fileID: 100100000}
  serializedVersion: 5
  m_Component:
  - component: {fileID: 224384651421162116}
  - component: {fileID: 114575541256380858}
  - component: {fileID: 114393655791064348}
  - component: {fileID: 114816346135593340}
  m_Layer: 11
  m_Name: Sliced Bar
  m_TagString: Untagged
  m_Icon: {fileID: 0}
  m_NavMeshLayer: 0
  m_StaticEditorFlags: 0
  m_IsActive: 1
--- !u!1 &1236888734963206
GameObject:
  m_ObjectHideFlags: 1
  m_PrefabParentObject: {fileID: 0}
  m_PrefabInternal: {fileID: 100100000}
  serializedVersion: 5
  m_Component:
  - component: {fileID: 4379270665544622}
  m_Layer: 11
  m_Name: Bip01 L Forearm
  m_TagString: Untagged
  m_Icon: {fileID: 0}
  m_NavMeshLayer: 0
  m_StaticEditorFlags: 0
  m_IsActive: 1
--- !u!1 &1247150951734268
GameObject:
  m_ObjectHideFlags: 1
  m_PrefabParentObject: {fileID: 0}
  m_PrefabInternal: {fileID: 100100000}
  serializedVersion: 5
  m_Component:
  - component: {fileID: 4485368989482130}
  m_Layer: 11
  m_Name: Bip01 L Calf
  m_TagString: Untagged
  m_Icon: {fileID: 0}
  m_NavMeshLayer: 0
  m_StaticEditorFlags: 0
  m_IsActive: 1
--- !u!1 &1252373129885010
GameObject:
  m_ObjectHideFlags: 1
  m_PrefabParentObject: {fileID: 0}
  m_PrefabInternal: {fileID: 100100000}
  serializedVersion: 5
  m_Component:
  - component: {fileID: 4591519033098922}
  - component: {fileID: 33670355499234438}
  - component: {fileID: 23939465783792528}
  m_Layer: 11
  m_Name: Bow_animation_controller02
  m_TagString: Untagged
  m_Icon: {fileID: 0}
  m_NavMeshLayer: 0
  m_StaticEditorFlags: 0
  m_IsActive: 1
--- !u!1 &1259969049751774
GameObject:
  m_ObjectHideFlags: 0
  m_PrefabParentObject: {fileID: 0}
  m_PrefabInternal: {fileID: 100100000}
  serializedVersion: 5
  m_Component:
  - component: {fileID: 4243404943000048}
  - component: {fileID: 23321819954808144}
  - component: {fileID: 102654683780477856}
  - component: {fileID: 114430968252353718}
  - component: {fileID: 95828236635620508}
  m_Layer: 0
  m_Name: FloatingCombatText
  m_TagString: Untagged
  m_Icon: {fileID: 0}
  m_NavMeshLayer: 0
  m_StaticEditorFlags: 0
  m_IsActive: 1
--- !u!1 &1261166529171672
GameObject:
  m_ObjectHideFlags: 1
  m_PrefabParentObject: {fileID: 0}
  m_PrefabInternal: {fileID: 100100000}
  serializedVersion: 5
  m_Component:
  - component: {fileID: 4780150877622498}
  m_Layer: 11
  m_Name: Bip01 Rhand_Weapon
  m_TagString: Untagged
  m_Icon: {fileID: 0}
  m_NavMeshLayer: 0
  m_StaticEditorFlags: 0
  m_IsActive: 1
--- !u!1 &1310877680927980
GameObject:
  m_ObjectHideFlags: 1
  m_PrefabParentObject: {fileID: 0}
  m_PrefabInternal: {fileID: 100100000}
  serializedVersion: 5
  m_Component:
  - component: {fileID: 4746139385897256}
  m_Layer: 11
  m_Name: Bip01 L Finger02
  m_TagString: Untagged
  m_Icon: {fileID: 0}
  m_NavMeshLayer: 0
  m_StaticEditorFlags: 0
  m_IsActive: 1
--- !u!1 &1316894923007642
GameObject:
  m_ObjectHideFlags: 1
  m_PrefabParentObject: {fileID: 0}
  m_PrefabInternal: {fileID: 100100000}
  serializedVersion: 5
  m_Component:
  - component: {fileID: 4362668090522970}
  m_Layer: 11
  m_Name: Bip01 skirt_right
  m_TagString: Untagged
  m_Icon: {fileID: 0}
  m_NavMeshLayer: 0
  m_StaticEditorFlags: 0
  m_IsActive: 1
--- !u!1 &1320932017210066
GameObject:
  m_ObjectHideFlags: 1
  m_PrefabParentObject: {fileID: 0}
  m_PrefabInternal: {fileID: 100100000}
  serializedVersion: 5
  m_Component:
  - component: {fileID: 4225069042782866}
  m_Layer: 11
  m_Name: Bip01 skirt_back02
  m_TagString: Untagged
  m_Icon: {fileID: 0}
  m_NavMeshLayer: 0
  m_StaticEditorFlags: 0
  m_IsActive: 1
--- !u!1 &1361452258645666
GameObject:
  m_ObjectHideFlags: 1
  m_PrefabParentObject: {fileID: 0}
  m_PrefabInternal: {fileID: 100100000}
  serializedVersion: 5
  m_Component:
  - component: {fileID: 4954293435219398}
  m_Layer: 11
  m_Name: Bip01 R Finger02
  m_TagString: Untagged
  m_Icon: {fileID: 0}
  m_NavMeshLayer: 0
  m_StaticEditorFlags: 0
  m_IsActive: 1
--- !u!1 &1374494023713402
GameObject:
  m_ObjectHideFlags: 1
  m_PrefabParentObject: {fileID: 0}
  m_PrefabInternal: {fileID: 100100000}
  serializedVersion: 5
  m_Component:
  - component: {fileID: 4021330851217240}
  m_Layer: 11
  m_Name: Bip01 Spine1
  m_TagString: Untagged
  m_Icon: {fileID: 0}
  m_NavMeshLayer: 0
  m_StaticEditorFlags: 0
  m_IsActive: 1
--- !u!1 &1391749314482028
GameObject:
  m_ObjectHideFlags: 0
  m_PrefabParentObject: {fileID: 0}
  m_PrefabInternal: {fileID: 100100000}
  serializedVersion: 5
  m_Component:
  - component: {fileID: 4773729888461844}
  - component: {fileID: 135198241361573018}
  m_Layer: 10
  m_Name: Navigation
  m_TagString: Untagged
  m_Icon: {fileID: 0}
  m_NavMeshLayer: 0
  m_StaticEditorFlags: 0
  m_IsActive: 1
--- !u!1 &1421959397034060
GameObject:
  m_ObjectHideFlags: 0
  m_PrefabParentObject: {fileID: 0}
  m_PrefabInternal: {fileID: 100100000}
  serializedVersion: 5
  m_Component:
  - component: {fileID: 4416997904867810}
  - component: {fileID: 137372281719887740}
  m_Layer: 11
  m_Name: bow03
  m_TagString: Untagged
  m_Icon: {fileID: 0}
  m_NavMeshLayer: 0
  m_StaticEditorFlags: 0
  m_IsActive: 1
--- !u!1 &1424595573915750
GameObject:
  m_ObjectHideFlags: 1
  m_PrefabParentObject: {fileID: 0}
  m_PrefabInternal: {fileID: 100100000}
  serializedVersion: 5
  m_Component:
  - component: {fileID: 4605385116973154}
  m_Layer: 11
  m_Name: Bip01 L Hand
  m_TagString: Untagged
  m_Icon: {fileID: 0}
  m_NavMeshLayer: 0
  m_StaticEditorFlags: 0
  m_IsActive: 1
--- !u!1 &1428275168295640
GameObject:
  m_ObjectHideFlags: 1
  m_PrefabParentObject: {fileID: 0}
  m_PrefabInternal: {fileID: 100100000}
  serializedVersion: 5
  m_Component:
  - component: {fileID: 4438822181874294}
  m_Layer: 11
  m_Name: Bip01 R Finger01
  m_TagString: Untagged
  m_Icon: {fileID: 0}
  m_NavMeshLayer: 0
  m_StaticEditorFlags: 0
  m_IsActive: 1
--- !u!1 &1449934478911330
GameObject:
  m_ObjectHideFlags: 1
  m_PrefabParentObject: {fileID: 0}
  m_PrefabInternal: {fileID: 100100000}
  serializedVersion: 5
  m_Component:
  - component: {fileID: 4383084109461864}
  - component: {fileID: 33124181464472882}
  - component: {fileID: 23742844127628274}
  m_Layer: 11
  m_Name: arrow_02
  m_TagString: Untagged
  m_Icon: {fileID: 0}
  m_NavMeshLayer: 0
  m_StaticEditorFlags: 0
  m_IsActive: 1
--- !u!1 &1460184827253670
GameObject:
  m_ObjectHideFlags: 1
  m_PrefabParentObject: {fileID: 0}
  m_PrefabInternal: {fileID: 100100000}
  serializedVersion: 5
  m_Component:
  - component: {fileID: 4392426635496838}
  m_Layer: 11
  m_Name: Bip01 L Foot
  m_TagString: Untagged
  m_Icon: {fileID: 0}
  m_NavMeshLayer: 0
  m_StaticEditorFlags: 0
  m_IsActive: 1
--- !u!1 &1502731172061682
GameObject:
  m_ObjectHideFlags: 1
  m_PrefabParentObject: {fileID: 0}
  m_PrefabInternal: {fileID: 100100000}
  serializedVersion: 5
  m_Component:
  - component: {fileID: 4322854823290020}
  m_Layer: 11
  m_Name: Bip01 R Finger0
  m_TagString: Untagged
  m_Icon: {fileID: 0}
  m_NavMeshLayer: 0
  m_StaticEditorFlags: 0
  m_IsActive: 1
--- !u!1 &1529482428285416
GameObject:
  m_ObjectHideFlags: 1
  m_PrefabParentObject: {fileID: 0}
  m_PrefabInternal: {fileID: 100100000}
  serializedVersion: 5
  m_Component:
  - component: {fileID: 4992223232455332}
  m_Layer: 11
  m_Name: Bip01 L Finger11
  m_TagString: Untagged
  m_Icon: {fileID: 0}
  m_NavMeshLayer: 0
  m_StaticEditorFlags: 0
  m_IsActive: 1
--- !u!1 &1548663628505826
GameObject:
  m_ObjectHideFlags: 1
  m_PrefabParentObject: {fileID: 0}
  m_PrefabInternal: {fileID: 100100000}
  serializedVersion: 5
  m_Component:
  - component: {fileID: 4670487227994332}
  m_Layer: 11
  m_Name: Bip01 skirt_front02
  m_TagString: Untagged
  m_Icon: {fileID: 0}
  m_NavMeshLayer: 0
  m_StaticEditorFlags: 0
  m_IsActive: 1
--- !u!1 &1555947644484944
GameObject:
  m_ObjectHideFlags: 1
  m_PrefabParentObject: {fileID: 0}
  m_PrefabInternal: {fileID: 100100000}
  serializedVersion: 5
  m_Component:
  - component: {fileID: 4834845007803424}
  m_Layer: 11
  m_Name: Bip01 back_right_Wmount
  m_TagString: Untagged
  m_Icon: {fileID: 0}
  m_NavMeshLayer: 0
  m_StaticEditorFlags: 0
  m_IsActive: 1
--- !u!1 &1559565315313654
GameObject:
  m_ObjectHideFlags: 1
  m_PrefabParentObject: {fileID: 0}
  m_PrefabInternal: {fileID: 100100000}
  serializedVersion: 5
  m_Component:
  - component: {fileID: 224488758164119968}
  - component: {fileID: 222371862987274496}
  - component: {fileID: 114953951442053466}
  m_Layer: 0
  m_Name: generated_bg_1
  m_TagString: Untagged
  m_Icon: {fileID: 0}
  m_NavMeshLayer: 0
  m_StaticEditorFlags: 0
  m_IsActive: 1
--- !u!1 &1562081069689834
GameObject:
  m_ObjectHideFlags: 0
  m_PrefabParentObject: {fileID: 0}
  m_PrefabInternal: {fileID: 100100000}
  serializedVersion: 5
  m_Component:
  - component: {fileID: 224873682114484466}
  - component: {fileID: 223697138202824716}
  - component: {fileID: 114429710358076778}
  - component: {fileID: 114416932389260058}
  m_Layer: 11
  m_Name: Canvas
  m_TagString: Untagged
  m_Icon: {fileID: 0}
  m_NavMeshLayer: 0
  m_StaticEditorFlags: 0
  m_IsActive: 1
--- !u!1 &1566691379108656
GameObject:
  m_ObjectHideFlags: 1
  m_PrefabParentObject: {fileID: 0}
  m_PrefabInternal: {fileID: 100100000}
  serializedVersion: 5
  m_Component:
  - component: {fileID: 4226925676888430}
  m_Layer: 11
  m_Name: Bip01 L Clavicle
  m_TagString: Untagged
  m_Icon: {fileID: 0}
  m_NavMeshLayer: 0
  m_StaticEditorFlags: 0
  m_IsActive: 1
--- !u!1 &1571270292880428
GameObject:
  m_ObjectHideFlags: 1
  m_PrefabParentObject: {fileID: 0}
  m_PrefabInternal: {fileID: 100100000}
  serializedVersion: 5
  m_Component:
  - component: {fileID: 4726810795207640}
  m_Layer: 11
  m_Name: Bip01 L Toe0
  m_TagString: Untagged
  m_Icon: {fileID: 0}
  m_NavMeshLayer: 0
  m_StaticEditorFlags: 0
  m_IsActive: 1
--- !u!1 &1588525809393524
GameObject:
  m_ObjectHideFlags: 1
  m_PrefabParentObject: {fileID: 0}
  m_PrefabInternal: {fileID: 100100000}
  serializedVersion: 5
  m_Component:
  - component: {fileID: 4307261694874702}
  m_Layer: 11
  m_Name: Bip01 skirt_right02
  m_TagString: Untagged
  m_Icon: {fileID: 0}
  m_NavMeshLayer: 0
  m_StaticEditorFlags: 0
  m_IsActive: 1
--- !u!1 &1600473420584952
GameObject:
  m_ObjectHideFlags: 1
  m_PrefabParentObject: {fileID: 0}
  m_PrefabInternal: {fileID: 100100000}
  serializedVersion: 5
  m_Component:
  - component: {fileID: 4165617988175240}
  m_Layer: 11
  m_Name: Bip01 R UpperArm
  m_TagString: Untagged
  m_Icon: {fileID: 0}
  m_NavMeshLayer: 0
  m_StaticEditorFlags: 0
  m_IsActive: 1
--- !u!1 &1609548229760384
GameObject:
  m_ObjectHideFlags: 1
  m_PrefabParentObject: {fileID: 0}
  m_PrefabInternal: {fileID: 100100000}
  serializedVersion: 5
  m_Component:
  - component: {fileID: 4533530513334586}
  m_Layer: 11
  m_Name: Bip01 R Hand
  m_TagString: Untagged
  m_Icon: {fileID: 0}
  m_NavMeshLayer: 0
  m_StaticEditorFlags: 0
  m_IsActive: 1
--- !u!1 &1630686327136126
GameObject:
  m_ObjectHideFlags: 1
  m_PrefabParentObject: {fileID: 0}
  m_PrefabInternal: {fileID: 100100000}
  serializedVersion: 5
  m_Component:
  - component: {fileID: 4220291202793108}
  m_Layer: 11
  m_Name: Bip01 L Finger1
  m_TagString: Untagged
  m_Icon: {fileID: 0}
  m_NavMeshLayer: 0
  m_StaticEditorFlags: 0
  m_IsActive: 1
--- !u!1 &1652740484354458
GameObject:
  m_ObjectHideFlags: 1
  m_PrefabParentObject: {fileID: 0}
  m_PrefabInternal: {fileID: 100100000}
  serializedVersion: 5
  m_Component:
  - component: {fileID: 4383051519850350}
  m_Layer: 11
  m_Name: Bip01 R Clavicle
  m_TagString: Untagged
  m_Icon: {fileID: 0}
  m_NavMeshLayer: 0
  m_StaticEditorFlags: 0
  m_IsActive: 1
--- !u!1 &1686196644592832
GameObject:
  m_ObjectHideFlags: 1
  m_PrefabParentObject: {fileID: 0}
  m_PrefabInternal: {fileID: 100100000}
  serializedVersion: 5
  m_Component:
  - component: {fileID: 4484094497946120}
  m_Layer: 11
  m_Name: Bip01 Neck1
  m_TagString: Untagged
  m_Icon: {fileID: 0}
  m_NavMeshLayer: 0
  m_StaticEditorFlags: 0
  m_IsActive: 1
--- !u!1 &1688508751923366
GameObject:
  m_ObjectHideFlags: 1
  m_PrefabParentObject: {fileID: 0}
  m_PrefabInternal: {fileID: 100100000}
  serializedVersion: 5
  m_Component:
  - component: {fileID: 4456505327308148}
  m_Layer: 11
  m_Name: Bip01 skirt_left02
  m_TagString: Untagged
  m_Icon: {fileID: 0}
  m_NavMeshLayer: 0
  m_StaticEditorFlags: 0
  m_IsActive: 1
--- !u!1 &1704814612981638
GameObject:
  m_ObjectHideFlags: 1
  m_PrefabParentObject: {fileID: 0}
  m_PrefabInternal: {fileID: 100100000}
  serializedVersion: 5
  m_Component:
  - component: {fileID: 4587434305979888}
  m_Layer: 11
  m_Name: Bip01 R Calf
  m_TagString: Untagged
  m_Icon: {fileID: 0}
  m_NavMeshLayer: 0
  m_StaticEditorFlags: 0
  m_IsActive: 1
--- !u!1 &1705337649717652
GameObject:
  m_ObjectHideFlags: 1
  m_PrefabParentObject: {fileID: 0}
  m_PrefabInternal: {fileID: 100100000}
  serializedVersion: 5
  m_Component:
  - component: {fileID: 224177888805923728}
  - component: {fileID: 222099220592341850}
  - component: {fileID: 114703575232676166}
  m_Layer: 0
  m_Name: generated_bar
  m_TagString: Untagged
  m_Icon: {fileID: 0}
  m_NavMeshLayer: 0
  m_StaticEditorFlags: 0
  m_IsActive: 1
--- !u!1 &1724601093880390
GameObject:
  m_ObjectHideFlags: 1
  m_PrefabParentObject: {fileID: 0}
  m_PrefabInternal: {fileID: 100100000}
  serializedVersion: 5
  m_Component:
  - component: {fileID: 4383229323346700}
  - component: {fileID: 33339701297860448}
  - component: {fileID: 23581045407487338}
  m_Layer: 11
  m_Name: arrow_001
  m_TagString: Untagged
  m_Icon: {fileID: 0}
  m_NavMeshLayer: 0
  m_StaticEditorFlags: 0
  m_IsActive: 1
--- !u!1 &1732218273794226
GameObject:
  m_ObjectHideFlags: 0
  m_PrefabParentObject: {fileID: 0}
  m_PrefabInternal: {fileID: 100100000}
  serializedVersion: 5
  m_Component:
  - component: {fileID: 4471227940572100}
  - component: {fileID: 137828462416950116}
  m_Layer: 11
  m_Name: skeleton_archer
  m_TagString: Untagged
  m_Icon: {fileID: 0}
  m_NavMeshLayer: 0
  m_StaticEditorFlags: 0
  m_IsActive: 1
--- !u!1 &1734070227620872
GameObject:
  m_ObjectHideFlags: 1
  m_PrefabParentObject: {fileID: 0}
  m_PrefabInternal: {fileID: 100100000}
  serializedVersion: 5
  m_Component:
  - component: {fileID: 4320744365476248}
  m_Layer: 11
  m_Name: Bip01 back_left_Wmount
  m_TagString: Untagged
  m_Icon: {fileID: 0}
  m_NavMeshLayer: 0
  m_StaticEditorFlags: 0
  m_IsActive: 1
--- !u!1 &1738220257999050
GameObject:
  m_ObjectHideFlags: 0
  m_PrefabParentObject: {fileID: 0}
  m_PrefabInternal: {fileID: 100100000}
  serializedVersion: 5
  m_Component:
  - component: {fileID: 4700676307995598}
  m_Layer: 11
  m_Name: Bip01
  m_TagString: Untagged
  m_Icon: {fileID: 0}
  m_NavMeshLayer: 0
  m_StaticEditorFlags: 0
  m_IsActive: 1
--- !u!1 &1753938639590950
GameObject:
  m_ObjectHideFlags: 1
  m_PrefabParentObject: {fileID: 0}
  m_PrefabInternal: {fileID: 100100000}
  serializedVersion: 5
  m_Component:
  - component: {fileID: 4505606892201420}
  m_Layer: 11
  m_Name: Bip01 R Finger12
  m_TagString: Untagged
  m_Icon: {fileID: 0}
  m_NavMeshLayer: 0
  m_StaticEditorFlags: 0
  m_IsActive: 1
--- !u!1 &1764503275765102
GameObject:
  m_ObjectHideFlags: 1
  m_PrefabParentObject: {fileID: 0}
  m_PrefabInternal: {fileID: 100100000}
  serializedVersion: 5
  m_Component:
  - component: {fileID: 4765526441421896}
  - component: {fileID: 33804202314433852}
  - component: {fileID: 23729089860838082}
  m_Layer: 11
  m_Name: arrow_03
  m_TagString: Untagged
  m_Icon: {fileID: 0}
  m_NavMeshLayer: 0
  m_StaticEditorFlags: 0
  m_IsActive: 1
--- !u!1 &1781447368556284
GameObject:
  m_ObjectHideFlags: 1
  m_PrefabParentObject: {fileID: 0}
  m_PrefabInternal: {fileID: 100100000}
  serializedVersion: 5
  m_Component:
  - component: {fileID: 4427245497917440}
  m_Layer: 11
  m_Name: Bip01 R Toe0
  m_TagString: Untagged
  m_Icon: {fileID: 0}
  m_NavMeshLayer: 0
  m_StaticEditorFlags: 0
  m_IsActive: 1
--- !u!1 &1787651969520712
GameObject:
  m_ObjectHideFlags: 1
  m_PrefabParentObject: {fileID: 0}
  m_PrefabInternal: {fileID: 100100000}
  serializedVersion: 5
  m_Component:
  - component: {fileID: 4516818044714340}
  m_Layer: 11
  m_Name: Bip01 Spine
  m_TagString: Untagged
  m_Icon: {fileID: 0}
  m_NavMeshLayer: 0
  m_StaticEditorFlags: 0
  m_IsActive: 1
--- !u!1 &1793083855835834
GameObject:
  m_ObjectHideFlags: 1
  m_PrefabParentObject: {fileID: 0}
  m_PrefabInternal: {fileID: 100100000}
  serializedVersion: 5
  m_Component:
  - component: {fileID: 4348511194390854}
  - component: {fileID: 33787345887528048}
  - component: {fileID: 23087840701609264}
  m_Layer: 11
  m_Name: bow02
  m_TagString: Untagged
  m_Icon: {fileID: 0}
  m_NavMeshLayer: 0
  m_StaticEditorFlags: 0
  m_IsActive: 1
--- !u!1 &1813565918435774
GameObject:
  m_ObjectHideFlags: 1
  m_PrefabParentObject: {fileID: 0}
  m_PrefabInternal: {fileID: 100100000}
  serializedVersion: 5
  m_Component:
  - component: {fileID: 4597657215544894}
  m_Layer: 11
  m_Name: Bip01 L Finger01
  m_TagString: Untagged
  m_Icon: {fileID: 0}
  m_NavMeshLayer: 0
  m_StaticEditorFlags: 0
  m_IsActive: 1
--- !u!1 &1826940894119792
GameObject:
  m_ObjectHideFlags: 1
  m_PrefabParentObject: {fileID: 0}
  m_PrefabInternal: {fileID: 100100000}
  serializedVersion: 5
  m_Component:
  - component: {fileID: 4544270907384474}
  m_Layer: 11
  m_Name: Bip01 R Thigh
  m_TagString: Untagged
  m_Icon: {fileID: 0}
  m_NavMeshLayer: 0
  m_StaticEditorFlags: 0
  m_IsActive: 1
--- !u!1 &1840265938792826
GameObject:
  m_ObjectHideFlags: 1
  m_PrefabParentObject: {fileID: 0}
  m_PrefabInternal: {fileID: 100100000}
  serializedVersion: 5
  m_Component:
  - component: {fileID: 4062640392985394}
  m_Layer: 11
  m_Name: Bip01 skirt_left
  m_TagString: Untagged
  m_Icon: {fileID: 0}
  m_NavMeshLayer: 0
  m_StaticEditorFlags: 0
  m_IsActive: 1
--- !u!1 &1844667661559964
GameObject:
  m_ObjectHideFlags: 1
  m_PrefabParentObject: {fileID: 0}
  m_PrefabInternal: {fileID: 100100000}
  serializedVersion: 5
  m_Component:
  - component: {fileID: 4684571069037860}
  m_Layer: 11
  m_Name: Bip01 R Finger1
  m_TagString: Untagged
  m_Icon: {fileID: 0}
  m_NavMeshLayer: 0
  m_StaticEditorFlags: 0
  m_IsActive: 1
--- !u!1 &1847403235728800
GameObject:
  m_ObjectHideFlags: 1
  m_PrefabParentObject: {fileID: 0}
  m_PrefabInternal: {fileID: 100100000}
  serializedVersion: 5
  m_Component:
  - component: {fileID: 4057494016741814}
  m_Layer: 11
  m_Name: Bip01 R Forearm
  m_TagString: Untagged
  m_Icon: {fileID: 0}
  m_NavMeshLayer: 0
  m_StaticEditorFlags: 0
  m_IsActive: 1
--- !u!1 &1858648623991942
GameObject:
  m_ObjectHideFlags: 1
  m_PrefabParentObject: {fileID: 0}
  m_PrefabInternal: {fileID: 100100000}
  serializedVersion: 5
  m_Component:
  - component: {fileID: 4037328318160972}
  - component: {fileID: 33056686137946358}
  - component: {fileID: 23340793727241342}
  m_Layer: 11
  m_Name: arrow_04
  m_TagString: Untagged
  m_Icon: {fileID: 0}
  m_NavMeshLayer: 0
  m_StaticEditorFlags: 0
  m_IsActive: 1
--- !u!1 &1922534888230884
GameObject:
  m_ObjectHideFlags: 1
  m_PrefabParentObject: {fileID: 0}
  m_PrefabInternal: {fileID: 100100000}
  serializedVersion: 5
  m_Component:
  - component: {fileID: 4994512453138034}
  m_Layer: 11
  m_Name: Bip01 L UpperArm
  m_TagString: Untagged
  m_Icon: {fileID: 0}
  m_NavMeshLayer: 0
  m_StaticEditorFlags: 0
  m_IsActive: 1
--- !u!1 &1934536297962978
GameObject:
  m_ObjectHideFlags: 1
  m_PrefabParentObject: {fileID: 0}
  m_PrefabInternal: {fileID: 100100000}
  serializedVersion: 5
  m_Component:
  - component: {fileID: 4150090678958182}
  - component: {fileID: 33580711067489110}
  - component: {fileID: 23421615524218474}
  m_Layer: 11
  m_Name: arrow_05
  m_TagString: Untagged
  m_Icon: {fileID: 0}
  m_NavMeshLayer: 0
  m_StaticEditorFlags: 0
  m_IsActive: 1
--- !u!1 &1967602944876096
GameObject:
  m_ObjectHideFlags: 1
  m_PrefabParentObject: {fileID: 0}
  m_PrefabInternal: {fileID: 100100000}
  serializedVersion: 5
  m_Component:
  - component: {fileID: 4042268801336696}
  m_Layer: 11
  m_Name: Bip01 R Foot
  m_TagString: Untagged
  m_Icon: {fileID: 0}
  m_NavMeshLayer: 0
  m_StaticEditorFlags: 0
  m_IsActive: 1
--- !u!1 &1969886550706936
GameObject:
  m_ObjectHideFlags: 1
  m_PrefabParentObject: {fileID: 0}
  m_PrefabInternal: {fileID: 100100000}
  serializedVersion: 5
  m_Component:
  - component: {fileID: 4969490572890782}
  - component: {fileID: 33975673450799534}
  - component: {fileID: 23599959571956692}
  m_Layer: 11
  m_Name: bone_bow02
  m_TagString: Untagged
  m_Icon: {fileID: 0}
  m_NavMeshLayer: 0
  m_StaticEditorFlags: 0
  m_IsActive: 1
--- !u!1 &1984032086646104
GameObject:
  m_ObjectHideFlags: 1
  m_PrefabParentObject: {fileID: 0}
  m_PrefabInternal: {fileID: 100100000}
  serializedVersion: 5
  m_Component:
  - component: {fileID: 4317129336773056}
  m_Layer: 11
  m_Name: Bip01 Neck
  m_TagString: Untagged
  m_Icon: {fileID: 0}
  m_NavMeshLayer: 0
  m_StaticEditorFlags: 0
  m_IsActive: 1
--- !u!1 &1989296351844768
GameObject:
  m_ObjectHideFlags: 1
  m_PrefabParentObject: {fileID: 0}
  m_PrefabInternal: {fileID: 100100000}
  serializedVersion: 5
  m_Component:
  - component: {fileID: 4791539276742746}
  m_Layer: 11
  m_Name: Bip01 L Finger0
  m_TagString: Untagged
  m_Icon: {fileID: 0}
  m_NavMeshLayer: 0
  m_StaticEditorFlags: 0
  m_IsActive: 1
--- !u!4 &4021330851217240
Transform:
  m_ObjectHideFlags: 1
  m_PrefabParentObject: {fileID: 0}
  m_PrefabInternal: {fileID: 100100000}
  m_GameObject: {fileID: 1374494023713402}
  m_LocalRotation: {x: 0.019462077, y: -0.07904134, z: 0.018458994, w: 0.9965104}
  m_LocalPosition: {x: -0.123336256, y: -0.00011154175, z: -0.0000039863585}
  m_LocalScale: {x: 0.99999976, y: 1, z: 0.99999994}
  m_Children:
  - {fileID: 4721021745031236}
  m_Father: {fileID: 4516818044714340}
  m_RootOrder: 0
  m_LocalEulerAnglesHint: {x: 0, y: 0, z: 0}
--- !u!4 &4021686564251128
Transform:
  m_ObjectHideFlags: 1
  m_PrefabParentObject: {fileID: 0}
  m_PrefabInternal: {fileID: 100100000}
  m_GameObject: {fileID: 1007543414264936}
  m_LocalRotation: {x: -0.053301353, y: -0.0033824318, z: 0.99856913, w: 0.0026815566}
  m_LocalPosition: {x: -0.12970077, y: -0.095649965, z: 0.0000013256073}
  m_LocalScale: {x: 1, y: 1.0000001, z: 0.9999999}
  m_Children:
  - {fileID: 4225069042782866}
  m_Father: {fileID: 4977818766370742}
  m_RootOrder: 2
  m_LocalEulerAnglesHint: {x: 0, y: 0, z: 0}
--- !u!4 &4037328318160972
Transform:
  m_ObjectHideFlags: 1
  m_PrefabParentObject: {fileID: 0}
  m_PrefabInternal: {fileID: 100100000}
  m_GameObject: {fileID: 1858648623991942}
  m_LocalRotation: {x: 0.4996944, y: -0.030223945, z: -0.017449768, w: 0.8654984}
  m_LocalPosition: {x: 0.3368515, y: -0.003714981, z: 0.025976866}
  m_LocalScale: {x: 1.0000001, y: 0.99999976, z: 0.99999994}
  m_Children: []
  m_Father: {fileID: 4615033446156284}
  m_RootOrder: 3
  m_LocalEulerAnglesHint: {x: 0, y: 0, z: 0}
--- !u!4 &4042268801336696
Transform:
  m_ObjectHideFlags: 1
  m_PrefabParentObject: {fileID: 0}
  m_PrefabInternal: {fileID: 100100000}
  m_GameObject: {fileID: 1967602944876096}
  m_LocalRotation: {x: 0.116673574, y: 0.019775644, z: -0.14869162, w: 0.9817775}
  m_LocalPosition: {x: -0.4615701, y: 0, z: 0.0000000047683715}
  m_LocalScale: {x: 1, y: 1.0000001, z: 1.0000001}
  m_Children:
  - {fileID: 4427245497917440}
  m_Father: {fileID: 4587434305979888}
  m_RootOrder: 0
  m_LocalEulerAnglesHint: {x: 0, y: 0, z: 0}
--- !u!4 &4057494016741814
Transform:
  m_ObjectHideFlags: 1
  m_PrefabParentObject: {fileID: 0}
  m_PrefabInternal: {fileID: 100100000}
  m_GameObject: {fileID: 1847403235728800}
  m_LocalRotation: {x: -0.0000000072305277, y: 0.000000029150913, z: 0.69057024, w: 0.7232654}
  m_LocalPosition: {x: -0.3355243, y: 0.000000076293944, z: -0.000000038146972}
  m_LocalScale: {x: 1.0000001, y: 1, z: 1}
  m_Children:
  - {fileID: 4533530513334586}
  m_Father: {fileID: 4165617988175240}
  m_RootOrder: 0
  m_LocalEulerAnglesHint: {x: 0, y: 0, z: 0}
--- !u!4 &4062640392985394
Transform:
  m_ObjectHideFlags: 1
  m_PrefabParentObject: {fileID: 0}
  m_PrefabInternal: {fileID: 100100000}
  m_GameObject: {fileID: 1840265938792826}
  m_LocalRotation: {x: -0.18903628, y: 0.6813165, z: 0.68137777, w: 0.18920217}
  m_LocalPosition: {x: -0.113435514, y: 0.027165787, z: 0.16017658}
  m_LocalScale: {x: 0.99999994, y: 0.99999994, z: 0.99999994}
  m_Children:
  - {fileID: 4456505327308148}
  m_Father: {fileID: 4977818766370742}
  m_RootOrder: 4
  m_LocalEulerAnglesHint: {x: 0, y: 0, z: 0}
--- !u!4 &4074967990846224
Transform:
  m_ObjectHideFlags: 1
  m_PrefabParentObject: {fileID: 0}
  m_PrefabInternal: {fileID: 100100000}
  m_GameObject: {fileID: 1188283483091670}
  m_LocalRotation: {x: -0.16079493, y: 0.96583503, z: 0.07133223, w: 0.1903142}
  m_LocalPosition: {x: 0.000000076293944, y: 0.00000022143125, z: 0.12878789}
  m_LocalScale: {x: 0.9999998, y: 0.99999994, z: 0.99999994}
  m_Children:
  - {fileID: 4485368989482130}
  m_Father: {fileID: 4977818766370742}
  m_RootOrder: 0
  m_LocalEulerAnglesHint: {x: 0, y: 0, z: 0}
--- !u!4 &4115338196857906
Transform:
  m_ObjectHideFlags: 1
  m_PrefabParentObject: {fileID: 0}
  m_PrefabInternal: {fileID: 100100000}
  m_GameObject: {fileID: 1069692379333070}
  m_LocalRotation: {x: -0.24192159, y: -0.00000020432024, z: 0.00000058766557, w: 0.97029585}
  m_LocalPosition: {x: -0.03378291, y: 0.02765007, z: -0.0040291594}
  m_LocalScale: {x: 1.3617259, y: 1.0000001, z: 1.0000001}
  m_Children: []
  m_Father: {fileID: 4533530513334586}
  m_RootOrder: 0
  m_LocalEulerAnglesHint: {x: 0, y: 0, z: 0}
--- !u!4 &4150090678958182
Transform:
  m_ObjectHideFlags: 1
  m_PrefabParentObject: {fileID: 0}
  m_PrefabInternal: {fileID: 100100000}
  m_GameObject: {fileID: 1934536297962978}
  m_LocalRotation: {x: 0.70090854, y: -0.00000006019296, z: -0.00000004530809, w: 0.71325123}
  m_LocalPosition: {x: 0.3186203, y: 0.038985252, z: -0.0018373012}
  m_LocalScale: {x: 1.0000001, y: 1, z: 1.0000002}
  m_Children: []
  m_Father: {fileID: 4615033446156284}
  m_RootOrder: 4
  m_LocalEulerAnglesHint: {x: 0, y: 0, z: 0}
--- !u!4 &4165617988175240
Transform:
  m_ObjectHideFlags: 1
  m_PrefabParentObject: {fileID: 0}
  m_PrefabInternal: {fileID: 100100000}
  m_GameObject: {fileID: 1600473420584952}
  m_LocalRotation: {x: -0.56835794, y: 0.3282219, z: 0.27608338, w: 0.7021522}
  m_LocalPosition: {x: -0.17559756, y: -0.000000009536743, z: 0}
  m_LocalScale: {x: 1.0000001, y: 1, z: 1}
  m_Children:
  - {fileID: 4057494016741814}
  m_Father: {fileID: 4383051519850350}
  m_RootOrder: 0
  m_LocalEulerAnglesHint: {x: 0, y: 0, z: 0}
--- !u!4 &4220291202793108
Transform:
  m_ObjectHideFlags: 1
  m_PrefabParentObject: {fileID: 0}
  m_PrefabInternal: {fileID: 100100000}
  m_GameObject: {fileID: 1630686327136126}
  m_LocalRotation: {x: -0.0003831388, y: -0.00010828884, z: -0.27198666, w: 0.96230096}
  m_LocalPosition: {x: -0.12734634, y: -0.000000076293944, z: 0.000000028610229}
  m_LocalScale: {x: 1, y: 1, z: 0.99999994}
  m_Children:
  - {fileID: 4992223232455332}
  m_Father: {fileID: 4605385116973154}
  m_RootOrder: 1
  m_LocalEulerAnglesHint: {x: 0, y: 0, z: 0}
--- !u!4 &4225069042782866
Transform:
  m_ObjectHideFlags: 1
  m_PrefabParentObject: {fileID: 0}
  m_PrefabInternal: {fileID: 100100000}
  m_GameObject: {fileID: 1320932017210066}
  m_LocalRotation: {x: -0.000017615042, y: -0.00039922667, z: 0.00017362389, w: 0.99999994}
  m_LocalPosition: {x: -0.23887175, y: -0.00020796775, z: 0.0000000035762786}
  m_LocalScale: {x: 0.99999994, y: 0.99999994, z: 1.0000001}
  m_Children: []
  m_Father: {fileID: 4021686564251128}
  m_RootOrder: 0
  m_LocalEulerAnglesHint: {x: 0, y: 0, z: 0}
--- !u!4 &4226925676888430
Transform:
  m_ObjectHideFlags: 1
  m_PrefabParentObject: {fileID: 0}
  m_PrefabInternal: {fileID: 100100000}
  m_GameObject: {fileID: 1566691379108656}
  m_LocalRotation: {x: -0.60885066, y: 0.11717624, z: 0.7791644, w: -0.09205166}
  m_LocalPosition: {x: -0.18949035, y: 0.00003323555, z: 0.041074395}
  m_LocalScale: {x: 1, y: 1, z: 1}
  m_Children:
  - {fileID: 4994512453138034}
  m_Father: {fileID: 4721021745031236}
  m_RootOrder: 2
  m_LocalEulerAnglesHint: {x: 0, y: 0, z: 0}
--- !u!4 &4243404943000048
Transform:
  m_ObjectHideFlags: 1
  m_PrefabParentObject: {fileID: 0}
  m_PrefabInternal: {fileID: 100100000}
  m_GameObject: {fileID: 1259969049751774}
  m_LocalRotation: {x: -0, y: -0, z: -0, w: 1}
  m_LocalPosition: {x: 0, y: 2.5, z: 0}
  m_LocalScale: {x: 0.049999997, y: 0.049999997, z: 0.049999997}
  m_Children: []
  m_Father: {fileID: 4640365856573330}
  m_RootOrder: 1
  m_LocalEulerAnglesHint: {x: 0, y: 0, z: 0}
--- !u!4 &4307261694874702
Transform:
  m_ObjectHideFlags: 1
  m_PrefabParentObject: {fileID: 0}
  m_PrefabInternal: {fileID: 100100000}
  m_GameObject: {fileID: 1588525809393524}
  m_LocalRotation: {x: -7.756224e-12, y: -0.0000001693514, z: 0.06104862, w: 0.9981348}
  m_LocalPosition: {x: -0.23981613, y: -0.00022209166, z: 0.0000000023841857}
  m_LocalScale: {x: 1, y: 1.0000001, z: 1}
  m_Children: []
  m_Father: {fileID: 4362668090522970}
  m_RootOrder: 0
  m_LocalEulerAnglesHint: {x: 0, y: 0, z: 0}
--- !u!4 &4317129336773056
Transform:
  m_ObjectHideFlags: 1
  m_PrefabParentObject: {fileID: 0}
  m_PrefabInternal: {fileID: 100100000}
  m_GameObject: {fileID: 1984032086646104}
  m_LocalRotation: {x: 0.00048802342, y: -0.033587992, z: -0.17900844, w: 0.9832739}
  m_LocalPosition: {x: -0.24219131, y: -0.042367935, z: -0.0000006565451}
  m_LocalScale: {x: 1, y: 1, z: 1}
  m_Children:
  - {fileID: 4484094497946120}
  m_Father: {fileID: 4721021745031236}
  m_RootOrder: 3
  m_LocalEulerAnglesHint: {x: 0, y: 0, z: 0}
--- !u!4 &4320744365476248
Transform:
  m_ObjectHideFlags: 1
  m_PrefabParentObject: {fileID: 0}
  m_PrefabInternal: {fileID: 100100000}
  m_GameObject: {fileID: 1734070227620872}
  m_LocalRotation: {x: 0.14211836, y: -0.69278795, z: 0.6928096, w: 0.14093325}
  m_LocalPosition: {x: -0.25040647, y: -0.228464, z: 0.12145408}
  m_LocalScale: {x: 1.0000002, y: 1, z: 1}
  m_Children:
  - {fileID: 4615033446156284}
  m_Father: {fileID: 4721021745031236}
  m_RootOrder: 0
  m_LocalEulerAnglesHint: {x: 0, y: 0, z: 0}
--- !u!4 &4322854823290020
Transform:
  m_ObjectHideFlags: 1
  m_PrefabParentObject: {fileID: 0}
  m_PrefabInternal: {fileID: 100100000}
  m_GameObject: {fileID: 1502731172061682}
  m_LocalRotation: {x: 0.755797, y: -0.29137918, z: -0.33857858, w: -0.47878355}
  m_LocalPosition: {x: -0.042632073, y: 0.017877884, z: 0.029449234}
  m_LocalScale: {x: 0.99999994, y: 0.99999994, z: 1}
  m_Children:
  - {fileID: 4438822181874294}
  m_Father: {fileID: 4533530513334586}
  m_RootOrder: 1
  m_LocalEulerAnglesHint: {x: 0, y: 0, z: 0}
--- !u!4 &4344204282765226
Transform:
  m_ObjectHideFlags: 1
  m_PrefabParentObject: {fileID: 0}
  m_PrefabInternal: {fileID: 100100000}
  m_GameObject: {fileID: 1073595375665918}
  m_LocalRotation: {x: 6.123234e-17, y: -6.123234e-17, z: 1.8369701e-16, w: 1}
  m_LocalPosition: {x: -0.00000015258789, y: 0.000000038146972, z: 0}
  m_LocalScale: {x: 1.0000001, y: 1.0000005, z: 1.0000007}
  m_Children: []
  m_Father: {fileID: 4834845007803424}
  m_RootOrder: 1
  m_LocalEulerAnglesHint: {x: 0, y: 0, z: 0}
--- !u!4 &4348511194390854
Transform:
  m_ObjectHideFlags: 1
  m_PrefabParentObject: {fileID: 0}
  m_PrefabInternal: {fileID: 100100000}
  m_GameObject: {fileID: 1793083855835834}
  m_LocalRotation: {x: 0.6817826, y: 0.03572427, z: 0.041084357, w: 0.7295261}
  m_LocalPosition: {x: -0.10859069, y: 0.015734404, z: 0.060385436}
  m_LocalScale: {x: 1.0000002, y: 1.0000002, z: 1.0000001}
  m_Children: []
  m_Father: {fileID: 4834845007803424}
  m_RootOrder: 0
  m_LocalEulerAnglesHint: {x: 0, y: 0, z: 0}
--- !u!4 &4362668090522970
Transform:
  m_ObjectHideFlags: 1
  m_PrefabParentObject: {fileID: 0}
  m_PrefabInternal: {fileID: 100100000}
  m_GameObject: {fileID: 1316894923007642}
  m_LocalRotation: {x: -0.03755052, y: 0.7062605, z: -0.70594084, w: -0.03786292}
  m_LocalPosition: {x: -0.11351875, y: 0.027165247, z: -0.16015796}
  m_LocalScale: {x: 0.99999994, y: 1, z: 1}
  m_Children:
  - {fileID: 4307261694874702}
  m_Father: {fileID: 4977818766370742}
  m_RootOrder: 5
  m_LocalEulerAnglesHint: {x: 0, y: 0, z: 0}
--- !u!4 &4379270665544622
Transform:
  m_ObjectHideFlags: 1
  m_PrefabParentObject: {fileID: 0}
  m_PrefabInternal: {fileID: 100100000}
  m_GameObject: {fileID: 1236888734963206}
  m_LocalRotation: {x: 0.0000000043413317, y: 0.000000064914396, z: 0.33879137, w: 0.9408615}
  m_LocalPosition: {x: -0.33552414, y: 0, z: 0}
  m_LocalScale: {x: 0.99999994, y: 1.0000001, z: 1}
  m_Children:
  - {fileID: 4605385116973154}
  m_Father: {fileID: 4994512453138034}
  m_RootOrder: 0
  m_LocalEulerAnglesHint: {x: 0, y: 0, z: 0}
--- !u!4 &4383051519850350
Transform:
  m_ObjectHideFlags: 1
  m_PrefabParentObject: {fileID: 0}
  m_PrefabInternal: {fileID: 100100000}
  m_GameObject: {fileID: 1652740484354458}
  m_LocalRotation: {x: 0.72271377, y: 0.12032481, z: 0.6681409, w: 0.12959419}
  m_LocalPosition: {x: -0.18949035, y: 0.000033464432, z: -0.041074388}
  m_LocalScale: {x: 1, y: 0.99999994, z: 0.99999994}
  m_Children:
  - {fileID: 4165617988175240}
  m_Father: {fileID: 4721021745031236}
  m_RootOrder: 4
  m_LocalEulerAnglesHint: {x: 0, y: 0, z: 0}
--- !u!4 &4383084109461864
Transform:
  m_ObjectHideFlags: 1
  m_PrefabParentObject: {fileID: 0}
  m_PrefabInternal: {fileID: 100100000}
  m_GameObject: {fileID: 1449934478911330}
  m_LocalRotation: {x: 0.49999908, y: -0.000000028804093, z: -0.000000034989093, w: 0.866026}
  m_LocalPosition: {x: 0.34069136, y: -0.012781258, z: -0.0018544102}
  m_LocalScale: {x: 1.0000001, y: 0.99999994, z: 1.0000001}
  m_Children: []
  m_Father: {fileID: 4615033446156284}
  m_RootOrder: 1
  m_LocalEulerAnglesHint: {x: 0, y: 0, z: 0}
--- !u!4 &4383229323346700
Transform:
  m_ObjectHideFlags: 1
  m_PrefabParentObject: {fileID: 0}
  m_PrefabInternal: {fileID: 100100000}
  m_GameObject: {fileID: 1724601093880390}
  m_LocalRotation: {x: 0.20791078, y: -0.000000027878952, z: -0.0000000550104, w: 0.9781478}
  m_LocalPosition: {x: 0.3566101, y: -0.050119057, z: -0.0018669128}
  m_LocalScale: {x: 1.0000001, y: 1, z: 1}
  m_Children: []
  m_Father: {fileID: 4615033446156284}
  m_RootOrder: 0
  m_LocalEulerAnglesHint: {x: 0, y: 0, z: 0}
--- !u!4 &4392426635496838
Transform:
  m_ObjectHideFlags: 1
  m_PrefabParentObject: {fileID: 0}
  m_PrefabInternal: {fileID: 100100000}
  m_GameObject: {fileID: 1460184827253670}
  m_LocalRotation: {x: -0.02974234, y: 0.094142154, z: -0.07798129, w: 0.9920542}
  m_LocalPosition: {x: -0.46156996, y: 0.000000009536743, z: 0}
  m_LocalScale: {x: 1, y: 1, z: 0.9999999}
  m_Children:
  - {fileID: 4726810795207640}
  m_Father: {fileID: 4485368989482130}
  m_RootOrder: 0
  m_LocalEulerAnglesHint: {x: 0, y: 0, z: 0}
--- !u!4 &4416997904867810
Transform:
  m_ObjectHideFlags: 1
  m_PrefabParentObject: {fileID: 0}
  m_PrefabInternal: {fileID: 100100000}
  m_GameObject: {fileID: 1421959397034060}
  m_LocalRotation: {x: -0.7071068, y: 0, z: -0, w: 0.7071068}
  m_LocalPosition: {x: -1.4780965, y: 0.28369093, z: -0.03351379}
  m_LocalScale: {x: 1, y: 1, z: 1}
  m_Children: []
  m_Father: {fileID: 4640365856573330}
  m_RootOrder: 4
  m_LocalEulerAnglesHint: {x: 0, y: 0, z: 0}
--- !u!4 &4427245497917440
Transform:
  m_ObjectHideFlags: 1
  m_PrefabParentObject: {fileID: 0}
  m_PrefabInternal: {fileID: 100100000}
  m_GameObject: {fileID: 1781447368556284}
  m_LocalRotation: {x: 0.000000008235022, y: -0.000000022551935, z: -0.7071068, w: 0.7071068}
  m_LocalPosition: {x: -0.13227694, y: 0.17023468, z: 0}
  m_LocalScale: {x: 1, y: 1, z: 1}
  m_Children: []
  m_Father: {fileID: 4042268801336696}
  m_RootOrder: 0
  m_LocalEulerAnglesHint: {x: 0, y: 0, z: 0}
--- !u!4 &4438822181874294
Transform:
  m_ObjectHideFlags: 1
  m_PrefabParentObject: {fileID: 0}
  m_PrefabInternal: {fileID: 100100000}
  m_GameObject: {fileID: 1428275168295640}
  m_LocalRotation: {x: -0.000000008191429, y: 0.000000019416223, z: -0.37664154, w: 0.92635906}
  m_LocalPosition: {x: -0.04917446, y: -0.000000028610229, z: 0}
  m_LocalScale: {x: 0.99999994, y: 1, z: 1}
  m_Children:
  - {fileID: 4954293435219398}
  m_Father: {fileID: 4322854823290020}
  m_RootOrder: 0
  m_LocalEulerAnglesHint: {x: 0, y: 0, z: 0}
--- !u!4 &4443693198869616
Transform:
  m_ObjectHideFlags: 1
  m_PrefabParentObject: {fileID: 0}
  m_PrefabInternal: {fileID: 100100000}
  m_GameObject: {fileID: 1128306891414674}
  m_LocalRotation: {x: -0.000000015737186, y: -0.000000014015353, z: -0.05777513,
    w: 0.99832964}
  m_LocalPosition: {x: -0.046435278, y: -0.000000076293944, z: 0.000000076293944}
  m_LocalScale: {x: 1, y: 1.0000001, z: 1.0000001}
  m_Children:
  - {fileID: 4505606892201420}
  m_Father: {fileID: 4684571069037860}
  m_RootOrder: 0
  m_LocalEulerAnglesHint: {x: 0, y: 0, z: 0}
--- !u!4 &4456505327308148
Transform:
  m_ObjectHideFlags: 1
  m_PrefabParentObject: {fileID: 0}
  m_PrefabInternal: {fileID: 100100000}
  m_GameObject: {fileID: 1688508751923366}
  m_LocalRotation: {x: -0.0000044996, y: 0.0000008438794, z: 0.061128315, w: 0.9981299}
  m_LocalPosition: {x: -0.251288, y: -0.00021514892, z: 0.0000000047683715}
  m_LocalScale: {x: 1, y: 1, z: 0.99999994}
  m_Children: []
  m_Father: {fileID: 4062640392985394}
  m_RootOrder: 0
  m_LocalEulerAnglesHint: {x: 0, y: 0, z: 0}
--- !u!4 &4471227940572100
Transform:
  m_ObjectHideFlags: 1
  m_PrefabParentObject: {fileID: 0}
  m_PrefabInternal: {fileID: 100100000}
  m_GameObject: {fileID: 1732218273794226}
  m_LocalRotation: {x: -0.7071068, y: 0, z: -0, w: 0.7071068}
  m_LocalPosition: {x: 0.00019423007, y: 1.1276343, z: -0.022148931}
  m_LocalScale: {x: 1, y: 1, z: 1}
  m_Children: []
  m_Father: {fileID: 4640365856573330}
  m_RootOrder: 5
  m_LocalEulerAnglesHint: {x: 0, y: 0, z: 0}
--- !u!4 &4484094497946120
Transform:
  m_ObjectHideFlags: 1
  m_PrefabParentObject: {fileID: 0}
  m_PrefabInternal: {fileID: 100100000}
  m_GameObject: {fileID: 1686196644592832}
  m_LocalRotation: {x: -9.313227e-10, y: 0.0000000018626454, z: 1.7347237e-18, w: 1}
  m_LocalPosition: {x: -0.05786545, y: -0.000063972475, z: 0}
  m_LocalScale: {x: 0.99999994, y: 0.99999994, z: 0.99999994}
  m_Children:
  - {fileID: 4840341349708694}
  m_Father: {fileID: 4317129336773056}
  m_RootOrder: 0
  m_LocalEulerAnglesHint: {x: 0, y: 0, z: 0}
--- !u!4 &4485368989482130
Transform:
  m_ObjectHideFlags: 1
  m_PrefabParentObject: {fileID: 0}
  m_PrefabInternal: {fileID: 100100000}
  m_GameObject: {fileID: 1247150951734268}
  m_LocalRotation: {x: 0.00000000905778, y: -0.0000000053832068, z: 0.2465964, w: 0.9691183}
  m_LocalPosition: {x: -0.43528134, y: 0, z: 0}
  m_LocalScale: {x: 1, y: 0.99999994, z: 1}
  m_Children:
  - {fileID: 4392426635496838}
  m_Father: {fileID: 4074967990846224}
  m_RootOrder: 0
  m_LocalEulerAnglesHint: {x: 0, y: 0, z: 0}
--- !u!4 &4505606892201420
Transform:
  m_ObjectHideFlags: 1
  m_PrefabParentObject: {fileID: 0}
  m_PrefabInternal: {fileID: 100100000}
  m_GameObject: {fileID: 1753938639590950}
  m_LocalRotation: {x: 0.000000014771737, y: -0.0000000019596929, z: -0.13151276,
    w: 0.9913145}
  m_LocalPosition: {x: -0.0343499, y: 0, z: 0}
  m_LocalScale: {x: 1, y: 1, z: 1}
  m_Children: []
  m_Father: {fileID: 4443693198869616}
  m_RootOrder: 0
  m_LocalEulerAnglesHint: {x: 0, y: 0, z: 0}
--- !u!4 &4516818044714340
Transform:
  m_ObjectHideFlags: 1
  m_PrefabParentObject: {fileID: 0}
  m_PrefabInternal: {fileID: 100100000}
  m_GameObject: {fileID: 1787651969520712}
  m_LocalRotation: {x: -0.009550141, y: -0.005313542, z: -0.048923194, w: 0.99874276}
  m_LocalPosition: {x: -0.10982399, y: 0.016194753, z: -0.01497612}
  m_LocalScale: {x: 0.99999994, y: 0.9999999, z: 0.9999999}
  m_Children:
  - {fileID: 4021330851217240}
  m_Father: {fileID: 4977818766370742}
  m_RootOrder: 6
  m_LocalEulerAnglesHint: {x: 0, y: 0, z: 0}
--- !u!4 &4533530513334586
Transform:
  m_ObjectHideFlags: 1
  m_PrefabParentObject: {fileID: 0}
  m_PrefabInternal: {fileID: 100100000}
  m_GameObject: {fileID: 1609548229760384}
  m_LocalRotation: {x: 0.56122124, y: -0.12714617, z: 0.44115895, w: 0.68865335}
  m_LocalPosition: {x: -0.23164764, y: 0.000000076293944, z: 0}
  m_LocalScale: {x: 1, y: 1.0000001, z: 1}
  m_Children:
  - {fileID: 4115338196857906}
  - {fileID: 4322854823290020}
  - {fileID: 4684571069037860}
  - {fileID: 4780150877622498}
  m_Father: {fileID: 4057494016741814}
  m_RootOrder: 0
  m_LocalEulerAnglesHint: {x: 0, y: 0, z: 0}
--- !u!4 &4544270907384474
Transform:
  m_ObjectHideFlags: 1
  m_PrefabParentObject: {fileID: 0}
  m_PrefabInternal: {fileID: 100100000}
  m_GameObject: {fileID: 1826940894119792}
  m_LocalRotation: {x: -0.021128044, y: 0.98259073, z: -0.15544446, w: 0.09952988}
  m_LocalPosition: {x: -0.00000022888183, y: -0.00000013418496, z: -0.12878789}
  m_LocalScale: {x: 0.99999994, y: 1, z: 0.9999999}
  m_Children:
  - {fileID: 4587434305979888}
  m_Father: {fileID: 4977818766370742}
  m_RootOrder: 1
  m_LocalEulerAnglesHint: {x: 0, y: 0, z: 0}
--- !u!4 &4554012539256306
Transform:
  m_ObjectHideFlags: 1
  m_PrefabParentObject: {fileID: 0}
  m_PrefabInternal: {fileID: 100100000}
  m_GameObject: {fileID: 1155358171031532}
  m_LocalRotation: {x: -0.7071068, y: 0, z: -0, w: 0.7071068}
  m_LocalPosition: {x: 0.46781284, y: 1.0919436, z: -0.12878557}
  m_LocalScale: {x: 1, y: 1, z: 1}
  m_Children: []
  m_Father: {fileID: 4640365856573330}
  m_RootOrder: 6
  m_LocalEulerAnglesHint: {x: 0, y: 0, z: 0}
--- !u!4 &4587434305979888
Transform:
  m_ObjectHideFlags: 1
  m_PrefabParentObject: {fileID: 0}
  m_PrefabInternal: {fileID: 100100000}
  m_GameObject: {fileID: 1704814612981638}
  m_LocalRotation: {x: -0.0000000043135837, y: 0.0000000030246612, z: 0.17299618,
    w: 0.9849225}
  m_LocalPosition: {x: -0.43528128, y: 0, z: 0.0000000047683715}
  m_LocalScale: {x: 1.0000001, y: 1, z: 1}
  m_Children:
  - {fileID: 4042268801336696}
  m_Father: {fileID: 4544270907384474}
  m_RootOrder: 0
  m_LocalEulerAnglesHint: {x: 0, y: 0, z: 0}
--- !u!4 &4591519033098922
Transform:
  m_ObjectHideFlags: 1
  m_PrefabParentObject: {fileID: 0}
  m_PrefabInternal: {fileID: 100100000}
  m_GameObject: {fileID: 1252373129885010}
  m_LocalRotation: {x: 0, y: -0.000000015832484, z: -0, w: 1}
  m_LocalPosition: {x: 0.015818203, y: 0.04372176, z: -0.00095615303}
  m_LocalScale: {x: 0.9999998, y: 1, z: 0.99999994}
  m_Children: []
  m_Father: {fileID: 4969490572890782}
  m_RootOrder: 0
  m_LocalEulerAnglesHint: {x: 0, y: 0, z: 0}
--- !u!4 &4597657215544894
Transform:
  m_ObjectHideFlags: 1
  m_PrefabParentObject: {fileID: 0}
  m_PrefabInternal: {fileID: 100100000}
  m_GameObject: {fileID: 1813565918435774}
  m_LocalRotation: {x: 0.000000019893406, y: -0.000000004904635, z: -0.23937781, w: 0.9709265}
  m_LocalPosition: {x: -0.049174346, y: 0.000000038146972, z: 0}
  m_LocalScale: {x: 1.0000001, y: 1.0000001, z: 1}
  m_Children:
  - {fileID: 4746139385897256}
  m_Father: {fileID: 4791539276742746}
  m_RootOrder: 0
  m_LocalEulerAnglesHint: {x: 0, y: 0, z: 0}
--- !u!4 &4605385116973154
Transform:
  m_ObjectHideFlags: 1
  m_PrefabParentObject: {fileID: 0}
  m_PrefabInternal: {fileID: 100100000}
  m_GameObject: {fileID: 1424595573915750}
  m_LocalRotation: {x: -0.75763565, y: 0.09178809, z: -0.085516654, w: 0.64050764}
  m_LocalPosition: {x: -0.23164757, y: 0.000000038146972, z: 0}
  m_LocalScale: {x: 1, y: 1, z: 1.0000002}
  m_Children:
  - {fileID: 4791539276742746}
  - {fileID: 4220291202793108}
  - {fileID: 4969490572890782}
  m_Father: {fileID: 4379270665544622}
  m_RootOrder: 0
  m_LocalEulerAnglesHint: {x: 0, y: 0, z: 0}
--- !u!4 &4615033446156284
Transform:
  m_ObjectHideFlags: 1
  m_PrefabParentObject: {fileID: 0}
  m_PrefabInternal: {fileID: 100100000}
  m_GameObject: {fileID: 1004973668170550}
  m_LocalRotation: {x: 0.00000047124917, y: -0.00000008102508, z: -0.000000014901124,
    w: 1}
  m_LocalPosition: {x: -0, y: -0.00000015258789, z: 0.00000015258789}
  m_LocalScale: {x: 0.99999994, y: 1.0000001, z: 0.99999994}
  m_Children:
  - {fileID: 4383229323346700}
  - {fileID: 4383084109461864}
  - {fileID: 4765526441421896}
  - {fileID: 4037328318160972}
  - {fileID: 4150090678958182}
  m_Father: {fileID: 4320744365476248}
  m_RootOrder: 0
  m_LocalEulerAnglesHint: {x: 0, y: 0, z: 0}
--- !u!4 &4640365856573330
Transform:
  m_ObjectHideFlags: 1
  m_PrefabParentObject: {fileID: 0}
  m_PrefabInternal: {fileID: 100100000}
  m_GameObject: {fileID: 1145868523609370}
  m_LocalRotation: {x: 0, y: 0, z: 0, w: 1}
  m_LocalPosition: {x: 0, y: 0, z: 0}
  m_LocalScale: {x: 1, y: 1, z: 1}
  m_Children:
  - {fileID: 4773729888461844}
  - {fileID: 4243404943000048}
  - {fileID: 224873682114484466}
  - {fileID: 4700676307995598}
  - {fileID: 4416997904867810}
  - {fileID: 4471227940572100}
  - {fileID: 4554012539256306}
  - {fileID: 4699267059009218}
  m_Father: {fileID: 0}
  m_RootOrder: 0
  m_LocalEulerAnglesHint: {x: 0, y: 0, z: 0}
--- !u!4 &4670487227994332
Transform:
  m_ObjectHideFlags: 1
  m_PrefabParentObject: {fileID: 0}
  m_PrefabInternal: {fileID: 100100000}
  m_GameObject: {fileID: 1548663628505826}
  m_LocalRotation: {x: -0.0000625774, y: -0.00031336572, z: -0.043610476, w: 0.9990486}
  m_LocalPosition: {x: -0.15041809, y: -0.0002391815, z: 0.000000014305114}
  m_LocalScale: {x: 1, y: 1, z: 0.9999999}
  m_Children: []
  m_Father: {fileID: 4938159735091986}
  m_RootOrder: 0
  m_LocalEulerAnglesHint: {x: 0, y: 0, z: 0}
--- !u!4 &4684571069037860
Transform:
  m_ObjectHideFlags: 1
  m_PrefabParentObject: {fileID: 0}
  m_PrefabInternal: {fileID: 100100000}
  m_GameObject: {fileID: 1844667661559964}
  m_LocalRotation: {x: -0.0066659283, y: -0.005197982, z: -0.30775732, w: 0.95142734}
  m_LocalPosition: {x: -0.12734637, y: 0, z: 0}
  m_LocalScale: {x: 0.9999998, y: 0.9999999, z: 1}
  m_Children:
  - {fileID: 4443693198869616}
  m_Father: {fileID: 4533530513334586}
  m_RootOrder: 2
  m_LocalEulerAnglesHint: {x: 0, y: 0, z: 0}
--- !u!4 &4699267059009218
Transform:
  m_ObjectHideFlags: 1
  m_PrefabParentObject: {fileID: 0}
  m_PrefabInternal: {fileID: 100100000}
  m_GameObject: {fileID: 1051198598135956}
  m_LocalRotation: {x: -0.7071068, y: 0, z: -0, w: 0.7071068}
  m_LocalPosition: {x: -0, y: 1.1578948, z: -0.03662793}
  m_LocalScale: {x: 1, y: 1, z: 1}
  m_Children: []
  m_Father: {fileID: 4640365856573330}
  m_RootOrder: 7
  m_LocalEulerAnglesHint: {x: 0, y: 0, z: 0}
--- !u!4 &4700676307995598
Transform:
  m_ObjectHideFlags: 1
  m_PrefabParentObject: {fileID: 0}
  m_PrefabInternal: {fileID: 100100000}
  m_GameObject: {fileID: 1738220257999050}
  m_LocalRotation: {x: -0.4983385, y: 0.50106585, z: 0.49978447, w: 0.50080657}
  m_LocalPosition: {x: -0.00032533644, y: 0.99633616, z: 0}
  m_LocalScale: {x: 1, y: 1, z: 1}
  m_Children:
  - {fileID: 4977818766370742}
  m_Father: {fileID: 4640365856573330}
  m_RootOrder: 3
  m_LocalEulerAnglesHint: {x: 0, y: 0, z: 0}
--- !u!4 &4721021745031236
Transform:
  m_ObjectHideFlags: 1
  m_PrefabParentObject: {fileID: 0}
  m_PrefabInternal: {fileID: 100100000}
  m_GameObject: {fileID: 1044524963627326}
  m_LocalRotation: {x: 0.0024118377, y: 0.02086051, z: 0.040701367, w: 0.99895066}
  m_LocalPosition: {x: -0.14026931, y: -0.00018361567, z: -0.000001206398}
  m_LocalScale: {x: 1.0000001, y: 1.0000001, z: 1.0000001}
  m_Children:
  - {fileID: 4320744365476248}
  - {fileID: 4834845007803424}
  - {fileID: 4226925676888430}
  - {fileID: 4317129336773056}
  - {fileID: 4383051519850350}
  m_Father: {fileID: 4021330851217240}
  m_RootOrder: 0
  m_LocalEulerAnglesHint: {x: 0, y: 0, z: 0}
--- !u!4 &4726810795207640
Transform:
  m_ObjectHideFlags: 1
  m_PrefabParentObject: {fileID: 0}
  m_PrefabInternal: {fileID: 100100000}
  m_GameObject: {fileID: 1571270292880428}
  m_LocalRotation: {x: -0.000000019385906, y: 0.000000009590056, z: -0.7071068, w: 0.7071068}
  m_LocalPosition: {x: -0.13227694, y: 0.17023464, z: -0.000000038146972}
  m_LocalScale: {x: 0.99999994, y: 1, z: 1}
  m_Children: []
  m_Father: {fileID: 4392426635496838}
  m_RootOrder: 0
  m_LocalEulerAnglesHint: {x: 0, y: 0, z: 0}
--- !u!4 &4746139385897256
Transform:
  m_ObjectHideFlags: 1
  m_PrefabParentObject: {fileID: 0}
  m_PrefabInternal: {fileID: 100100000}
  m_GameObject: {fileID: 1310877680927980}
  m_LocalRotation: {x: 0.00000000227976, y: -0.000000016503286, z: -0.32061306, w: 0.94721025}
  m_LocalPosition: {x: -0.0326622, y: -0.000000076293944, z: -0.000000038146972}
  m_LocalScale: {x: 1, y: 0.99999994, z: 0.99999994}
  m_Children: []
  m_Father: {fileID: 4597657215544894}
  m_RootOrder: 0
  m_LocalEulerAnglesHint: {x: 0, y: 0, z: 0}
--- !u!4 &4747551061458054
Transform:
  m_ObjectHideFlags: 1
  m_PrefabParentObject: {fileID: 0}
  m_PrefabInternal: {fileID: 100100000}
  m_GameObject: {fileID: 1077858103605496}
  m_LocalRotation: {x: -0.00000005861238, y: -0.000000013663551, z: -0.15090086, w: 0.98854893}
  m_LocalPosition: {x: -0.0343499, y: -0.000000038146972, z: -0.000000009536743}
  m_LocalScale: {x: 0.9999999, y: 0.9999999, z: 1}
  m_Children: []
  m_Father: {fileID: 4992223232455332}
  m_RootOrder: 0
  m_LocalEulerAnglesHint: {x: 0, y: 0, z: 0}
--- !u!4 &4765526441421896
Transform:
  m_ObjectHideFlags: 1
  m_PrefabParentObject: {fileID: 0}
  m_PrefabInternal: {fileID: 100100000}
  m_GameObject: {fileID: 1764503275765102}
  m_LocalRotation: {x: 0.49999908, y: -0.000000028804093, z: -0.000000034989093, w: 0.866026}
  m_LocalPosition: {x: 0.32479277, y: 0.02450756, z: -0.0018420505}
  m_LocalScale: {x: 1.0000001, y: 0.99999994, z: 1.0000001}
  m_Children: []
  m_Father: {fileID: 4615033446156284}
  m_RootOrder: 2
  m_LocalEulerAnglesHint: {x: 0, y: 0, z: 0}
--- !u!4 &4773729888461844
Transform:
  m_ObjectHideFlags: 1
  m_PrefabParentObject: {fileID: 0}
  m_PrefabInternal: {fileID: 100100000}
  m_GameObject: {fileID: 1391749314482028}
  m_LocalRotation: {x: 0, y: 0, z: 0, w: 1}
  m_LocalPosition: {x: 0, y: 0, z: 0}
  m_LocalScale: {x: 1, y: 1, z: 1}
  m_Children: []
  m_Father: {fileID: 4640365856573330}
  m_RootOrder: 0
  m_LocalEulerAnglesHint: {x: 0, y: 0, z: 0}
--- !u!4 &4780150877622498
Transform:
  m_ObjectHideFlags: 1
  m_PrefabParentObject: {fileID: 0}
  m_PrefabInternal: {fileID: 100100000}
  m_GameObject: {fileID: 1261166529171672}
  m_LocalRotation: {x: -0.5072492, y: 0.4806424, z: 0.5122733, w: 0.49925667}
  m_LocalPosition: {x: -0.100860976, y: 0.038182296, z: 0.00070755003}
  m_LocalScale: {x: 1, y: 0.9999999, z: 0.99999994}
  m_Children: []
  m_Father: {fileID: 4533530513334586}
  m_RootOrder: 3
  m_LocalEulerAnglesHint: {x: 0, y: 0, z: 0}
--- !u!4 &4791539276742746
Transform:
  m_ObjectHideFlags: 1
  m_PrefabParentObject: {fileID: 0}
  m_PrefabInternal: {fileID: 100100000}
  m_GameObject: {fileID: 1989296351844768}
  m_LocalRotation: {x: 0.8993205, y: -0.25427863, z: 0.14240994, w: 0.32601297}
  m_LocalPosition: {x: -0.042631987, y: 0.017877808, z: -0.02944929}
  m_LocalScale: {x: 0.9999999, y: 1, z: 1}
  m_Children:
  - {fileID: 4597657215544894}
  m_Father: {fileID: 4605385116973154}
  m_RootOrder: 0
  m_LocalEulerAnglesHint: {x: 0, y: 0, z: 0}
--- !u!4 &4834845007803424
Transform:
  m_ObjectHideFlags: 1
  m_PrefabParentObject: {fileID: 0}
  m_PrefabInternal: {fileID: 100100000}
  m_GameObject: {fileID: 1555947644484944}
  m_LocalRotation: {x: 0.1343716, y: 0.6943311, z: -0.694006, w: 0.13492301}
  m_LocalPosition: {x: -0.2606952, y: -0.22222002, z: -0.117168635}
  m_LocalScale: {x: 1, y: 0.99999994, z: 1}
  m_Children:
  - {fileID: 4348511194390854}
  - {fileID: 4344204282765226}
  m_Father: {fileID: 4721021745031236}
  m_RootOrder: 1
  m_LocalEulerAnglesHint: {x: 0, y: 0, z: 0}
--- !u!4 &4840341349708694
Transform:
  m_ObjectHideFlags: 1
  m_PrefabParentObject: {fileID: 0}
  m_PrefabInternal: {fileID: 100100000}
  m_GameObject: {fileID: 1025003750718410}
  m_LocalRotation: {x: 0.01867366, y: 0.027458735, z: 0.1765941, w: 0.98372346}
  m_LocalPosition: {x: -0.080321655, y: 0, z: 0}
  m_LocalScale: {x: 1, y: 0.99999994, z: 0.99999994}
  m_Children: []
  m_Father: {fileID: 4484094497946120}
  m_RootOrder: 0
  m_LocalEulerAnglesHint: {x: 0, y: 0, z: 0}
--- !u!4 &4938159735091986
Transform:
  m_ObjectHideFlags: 1
  m_PrefabParentObject: {fileID: 0}
  m_PrefabInternal: {fileID: 100100000}
  m_GameObject: {fileID: 1162689787345326}
  m_LocalRotation: {x: -0.09422195, y: 0.008809177, z: 0.9909803, w: -0.094882384}
  m_LocalPosition: {x: -0.025336914, y: 0.17385684, z: -0.0000044631956}
  m_LocalScale: {x: 0.9999999, y: 0.99999994, z: 1}
  m_Children:
  - {fileID: 4670487227994332}
  m_Father: {fileID: 4977818766370742}
  m_RootOrder: 3
  m_LocalEulerAnglesHint: {x: 0, y: 0, z: 0}
--- !u!4 &4954293435219398
Transform:
  m_ObjectHideFlags: 1
  m_PrefabParentObject: {fileID: 0}
  m_PrefabInternal: {fileID: 100100000}
  m_GameObject: {fileID: 1361452258645666}
  m_LocalRotation: {x: 0.000000015325899, y: -0.0000000010194163, z: -0.30638853,
    w: 0.95190656}
  m_LocalPosition: {x: -0.032662086, y: 0.000000076293944, z: 0}
  m_LocalScale: {x: 1, y: 1, z: 1}
  m_Children: []
  m_Father: {fileID: 4438822181874294}
  m_RootOrder: 0
  m_LocalEulerAnglesHint: {x: 0, y: 0, z: 0}
--- !u!4 &4969490572890782
Transform:
  m_ObjectHideFlags: 1
  m_PrefabParentObject: {fileID: 0}
  m_PrefabInternal: {fileID: 100100000}
  m_GameObject: {fileID: 1969886550706936}
  m_LocalRotation: {x: -0.0000004209578, y: 0.00000022351752, z: -0.00000028312195,
    w: 1}
  m_LocalPosition: {x: -0.020089263, y: 0.0000003814697, z: -0.0000005340576}
  m_LocalScale: {x: 1.0000001, y: 0.9999999, z: 0.99999994}
  m_Children:
  - {fileID: 4591519033098922}
  m_Father: {fileID: 4605385116973154}
  m_RootOrder: 2
  m_LocalEulerAnglesHint: {x: 0, y: 0, z: 0}
--- !u!4 &4977818766370742
Transform:
  m_ObjectHideFlags: 1
  m_PrefabParentObject: {fileID: 0}
  m_PrefabInternal: {fileID: 100100000}
  m_GameObject: {fileID: 1081981659729824}
  m_LocalRotation: {x: -0.5327148, y: 0.53271544, z: 0.46498847, w: 0.4649892}
  m_LocalPosition: {x: -0, y: 0, z: 0}
  m_LocalScale: {x: 1, y: 1, z: 1.0000001}
  m_Children:
  - {fileID: 4074967990846224}
  - {fileID: 4544270907384474}
  - {fileID: 4021686564251128}
  - {fileID: 4938159735091986}
  - {fileID: 4062640392985394}
  - {fileID: 4362668090522970}
  - {fileID: 4516818044714340}
  m_Father: {fileID: 4700676307995598}
  m_RootOrder: 0
  m_LocalEulerAnglesHint: {x: 0, y: 0, z: 0}
--- !u!4 &4992223232455332
Transform:
  m_ObjectHideFlags: 1
  m_PrefabParentObject: {fileID: 0}
  m_PrefabInternal: {fileID: 100100000}
  m_GameObject: {fileID: 1529482428285416}
  m_LocalRotation: {x: -0.0000000036861434, y: 5.3864296e-10, z: -0.14459085, w: 0.9894915}
  m_LocalPosition: {x: -0.04643524, y: -0.000000019073486, z: 0.000000009536743}
  m_LocalScale: {x: 0.99999994, y: 0.99999994, z: 0.99999994}
  m_Children:
  - {fileID: 4747551061458054}
  m_Father: {fileID: 4220291202793108}
  m_RootOrder: 0
  m_LocalEulerAnglesHint: {x: 0, y: 0, z: 0}
--- !u!4 &4994512453138034
Transform:
  m_ObjectHideFlags: 1
  m_PrefabParentObject: {fileID: 0}
  m_PrefabInternal: {fileID: 100100000}
  m_GameObject: {fileID: 1922534888230884}
  m_LocalRotation: {x: 0.24596079, y: -0.41255814, z: 0.029647766, w: 0.87659574}
  m_LocalPosition: {x: -0.17559755, y: 0.0000000047683715, z: 0}
  m_LocalScale: {x: 1.0000001, y: 1, z: 1}
  m_Children:
  - {fileID: 4379270665544622}
  m_Father: {fileID: 4226925676888430}
  m_RootOrder: 0
  m_LocalEulerAnglesHint: {x: 0, y: 0, z: 0}
--- !u!23 &23087840701609264
MeshRenderer:
  m_ObjectHideFlags: 1
  m_PrefabParentObject: {fileID: 0}
  m_PrefabInternal: {fileID: 100100000}
  m_GameObject: {fileID: 1793083855835834}
  m_Enabled: 1
  m_CastShadows: 1
  m_ReceiveShadows: 1
  m_MotionVectors: 1
  m_LightProbeUsage: 1
  m_ReflectionProbeUsage: 1
  m_Materials:
  - {fileID: 2100000, guid: 34f7d55ece4d73f49970571ad21816a4, type: 2}
  m_StaticBatchInfo:
    firstSubMesh: 0
    subMeshCount: 0
  m_StaticBatchRoot: {fileID: 0}
  m_ProbeAnchor: {fileID: 0}
  m_LightProbeVolumeOverride: {fileID: 0}
  m_ScaleInLightmap: 1
  m_PreserveUVs: 0
  m_IgnoreNormalsForChartDetection: 0
  m_ImportantGI: 0
  m_SelectedEditorRenderState: 3
  m_MinimumChartSize: 4
  m_AutoUVMaxDistance: 0.5
  m_AutoUVMaxAngle: 89
  m_LightmapParameters: {fileID: 0}
  m_SortingLayerID: 0
  m_SortingLayer: 0
  m_SortingOrder: 0
--- !u!23 &23194094403872342
MeshRenderer:
  m_ObjectHideFlags: 1
  m_PrefabParentObject: {fileID: 0}
  m_PrefabInternal: {fileID: 100100000}
  m_GameObject: {fileID: 1004973668170550}
  m_Enabled: 1
  m_CastShadows: 1
  m_ReceiveShadows: 1
  m_MotionVectors: 1
  m_LightProbeUsage: 1
  m_ReflectionProbeUsage: 1
  m_Materials:
  - {fileID: 2100000, guid: 34f7d55ece4d73f49970571ad21816a4, type: 2}
  m_StaticBatchInfo:
    firstSubMesh: 0
    subMeshCount: 0
  m_StaticBatchRoot: {fileID: 0}
  m_ProbeAnchor: {fileID: 0}
  m_LightProbeVolumeOverride: {fileID: 0}
  m_ScaleInLightmap: 1
  m_PreserveUVs: 0
  m_IgnoreNormalsForChartDetection: 0
  m_ImportantGI: 0
  m_SelectedEditorRenderState: 3
  m_MinimumChartSize: 4
  m_AutoUVMaxDistance: 0.5
  m_AutoUVMaxAngle: 89
  m_LightmapParameters: {fileID: 0}
  m_SortingLayerID: 0
  m_SortingLayer: 0
  m_SortingOrder: 0
--- !u!23 &23321819954808144
MeshRenderer:
  m_ObjectHideFlags: 1
  m_PrefabParentObject: {fileID: 0}
  m_PrefabInternal: {fileID: 100100000}
  m_GameObject: {fileID: 1259969049751774}
  m_Enabled: 1
  m_CastShadows: 1
  m_ReceiveShadows: 1
  m_MotionVectors: 1
  m_LightProbeUsage: 1
  m_ReflectionProbeUsage: 1
  m_Materials:
  - {fileID: 10100, guid: 0000000000000000e000000000000000, type: 0}
  m_StaticBatchInfo:
    firstSubMesh: 0
    subMeshCount: 0
  m_StaticBatchRoot: {fileID: 0}
  m_ProbeAnchor: {fileID: 0}
  m_LightProbeVolumeOverride: {fileID: 0}
  m_ScaleInLightmap: 1
  m_PreserveUVs: 0
  m_IgnoreNormalsForChartDetection: 0
  m_ImportantGI: 0
  m_SelectedEditorRenderState: 3
  m_MinimumChartSize: 4
  m_AutoUVMaxDistance: 0.5
  m_AutoUVMaxAngle: 89
  m_LightmapParameters: {fileID: 0}
  m_SortingLayerID: 0
  m_SortingLayer: 0
  m_SortingOrder: 0
--- !u!23 &23340793727241342
MeshRenderer:
  m_ObjectHideFlags: 1
  m_PrefabParentObject: {fileID: 0}
  m_PrefabInternal: {fileID: 100100000}
  m_GameObject: {fileID: 1858648623991942}
  m_Enabled: 1
  m_CastShadows: 1
  m_ReceiveShadows: 1
  m_MotionVectors: 1
  m_LightProbeUsage: 1
  m_ReflectionProbeUsage: 1
  m_Materials:
  - {fileID: 2100000, guid: 34f7d55ece4d73f49970571ad21816a4, type: 2}
  m_StaticBatchInfo:
    firstSubMesh: 0
    subMeshCount: 0
  m_StaticBatchRoot: {fileID: 0}
  m_ProbeAnchor: {fileID: 0}
  m_LightProbeVolumeOverride: {fileID: 0}
  m_ScaleInLightmap: 1
  m_PreserveUVs: 0
  m_IgnoreNormalsForChartDetection: 0
  m_ImportantGI: 0
  m_SelectedEditorRenderState: 3
  m_MinimumChartSize: 4
  m_AutoUVMaxDistance: 0.5
  m_AutoUVMaxAngle: 89
  m_LightmapParameters: {fileID: 0}
  m_SortingLayerID: 0
  m_SortingLayer: 0
  m_SortingOrder: 0
--- !u!23 &23421615524218474
MeshRenderer:
  m_ObjectHideFlags: 1
  m_PrefabParentObject: {fileID: 0}
  m_PrefabInternal: {fileID: 100100000}
  m_GameObject: {fileID: 1934536297962978}
  m_Enabled: 1
  m_CastShadows: 1
  m_ReceiveShadows: 1
  m_MotionVectors: 1
  m_LightProbeUsage: 1
  m_ReflectionProbeUsage: 1
  m_Materials:
  - {fileID: 2100000, guid: 34f7d55ece4d73f49970571ad21816a4, type: 2}
  m_StaticBatchInfo:
    firstSubMesh: 0
    subMeshCount: 0
  m_StaticBatchRoot: {fileID: 0}
  m_ProbeAnchor: {fileID: 0}
  m_LightProbeVolumeOverride: {fileID: 0}
  m_ScaleInLightmap: 1
  m_PreserveUVs: 0
  m_IgnoreNormalsForChartDetection: 0
  m_ImportantGI: 0
  m_SelectedEditorRenderState: 3
  m_MinimumChartSize: 4
  m_AutoUVMaxDistance: 0.5
  m_AutoUVMaxAngle: 89
  m_LightmapParameters: {fileID: 0}
  m_SortingLayerID: 0
  m_SortingLayer: 0
  m_SortingOrder: 0
--- !u!23 &23579840032251414
MeshRenderer:
  m_ObjectHideFlags: 1
  m_PrefabParentObject: {fileID: 0}
  m_PrefabInternal: {fileID: 100100000}
  m_GameObject: {fileID: 1073595375665918}
  m_Enabled: 1
  m_CastShadows: 1
  m_ReceiveShadows: 1
  m_MotionVectors: 1
  m_LightProbeUsage: 1
  m_ReflectionProbeUsage: 1
  m_Materials:
  - {fileID: 2100000, guid: eaeba2f3150de6a4a879e60ff378d1d9, type: 2}
  m_StaticBatchInfo:
    firstSubMesh: 0
    subMeshCount: 0
  m_StaticBatchRoot: {fileID: 0}
  m_ProbeAnchor: {fileID: 0}
  m_LightProbeVolumeOverride: {fileID: 0}
  m_ScaleInLightmap: 1
  m_PreserveUVs: 0
  m_IgnoreNormalsForChartDetection: 0
  m_ImportantGI: 0
  m_SelectedEditorRenderState: 3
  m_MinimumChartSize: 4
  m_AutoUVMaxDistance: 0.5
  m_AutoUVMaxAngle: 89
  m_LightmapParameters: {fileID: 0}
  m_SortingLayerID: 0
  m_SortingLayer: 0
  m_SortingOrder: 0
--- !u!23 &23581045407487338
MeshRenderer:
  m_ObjectHideFlags: 1
  m_PrefabParentObject: {fileID: 0}
  m_PrefabInternal: {fileID: 100100000}
  m_GameObject: {fileID: 1724601093880390}
  m_Enabled: 1
  m_CastShadows: 1
  m_ReceiveShadows: 1
  m_MotionVectors: 1
  m_LightProbeUsage: 1
  m_ReflectionProbeUsage: 1
  m_Materials:
  - {fileID: 2100000, guid: 34f7d55ece4d73f49970571ad21816a4, type: 2}
  m_StaticBatchInfo:
    firstSubMesh: 0
    subMeshCount: 0
  m_StaticBatchRoot: {fileID: 0}
  m_ProbeAnchor: {fileID: 0}
  m_LightProbeVolumeOverride: {fileID: 0}
  m_ScaleInLightmap: 1
  m_PreserveUVs: 0
  m_IgnoreNormalsForChartDetection: 0
  m_ImportantGI: 0
  m_SelectedEditorRenderState: 3
  m_MinimumChartSize: 4
  m_AutoUVMaxDistance: 0.5
  m_AutoUVMaxAngle: 89
  m_LightmapParameters: {fileID: 0}
  m_SortingLayerID: 0
  m_SortingLayer: 0
  m_SortingOrder: 0
--- !u!23 &23599959571956692
MeshRenderer:
  m_ObjectHideFlags: 1
  m_PrefabParentObject: {fileID: 0}
  m_PrefabInternal: {fileID: 100100000}
  m_GameObject: {fileID: 1969886550706936}
  m_Enabled: 1
  m_CastShadows: 1
  m_ReceiveShadows: 1
  m_MotionVectors: 1
  m_LightProbeUsage: 1
  m_ReflectionProbeUsage: 1
  m_Materials:
  - {fileID: 2100000, guid: 2d28bc4ca66a2aa4b8cab3e3a89d82e1, type: 2}
  m_StaticBatchInfo:
    firstSubMesh: 0
    subMeshCount: 0
  m_StaticBatchRoot: {fileID: 0}
  m_ProbeAnchor: {fileID: 0}
  m_LightProbeVolumeOverride: {fileID: 0}
  m_ScaleInLightmap: 1
  m_PreserveUVs: 0
  m_IgnoreNormalsForChartDetection: 0
  m_ImportantGI: 0
  m_SelectedEditorRenderState: 3
  m_MinimumChartSize: 4
  m_AutoUVMaxDistance: 0.5
  m_AutoUVMaxAngle: 89
  m_LightmapParameters: {fileID: 0}
  m_SortingLayerID: 0
  m_SortingLayer: 0
  m_SortingOrder: 0
--- !u!23 &23640117265551380
MeshRenderer:
  m_ObjectHideFlags: 1
  m_PrefabParentObject: {fileID: 0}
  m_PrefabInternal: {fileID: 100100000}
  m_GameObject: {fileID: 1069692379333070}
  m_Enabled: 1
  m_CastShadows: 1
  m_ReceiveShadows: 1
  m_MotionVectors: 1
  m_LightProbeUsage: 1
  m_ReflectionProbeUsage: 1
  m_Materials:
  - {fileID: 2100000, guid: 34f7d55ece4d73f49970571ad21816a4, type: 2}
  m_StaticBatchInfo:
    firstSubMesh: 0
    subMeshCount: 0
  m_StaticBatchRoot: {fileID: 0}
  m_ProbeAnchor: {fileID: 0}
  m_LightProbeVolumeOverride: {fileID: 0}
  m_ScaleInLightmap: 1
  m_PreserveUVs: 0
  m_IgnoreNormalsForChartDetection: 0
  m_ImportantGI: 0
  m_SelectedEditorRenderState: 3
  m_MinimumChartSize: 4
  m_AutoUVMaxDistance: 0.5
  m_AutoUVMaxAngle: 89
  m_LightmapParameters: {fileID: 0}
  m_SortingLayerID: 0
  m_SortingLayer: 0
  m_SortingOrder: 0
--- !u!23 &23729089860838082
MeshRenderer:
  m_ObjectHideFlags: 1
  m_PrefabParentObject: {fileID: 0}
  m_PrefabInternal: {fileID: 100100000}
  m_GameObject: {fileID: 1764503275765102}
  m_Enabled: 1
  m_CastShadows: 1
  m_ReceiveShadows: 1
  m_MotionVectors: 1
  m_LightProbeUsage: 1
  m_ReflectionProbeUsage: 1
  m_Materials:
  - {fileID: 2100000, guid: 34f7d55ece4d73f49970571ad21816a4, type: 2}
  m_StaticBatchInfo:
    firstSubMesh: 0
    subMeshCount: 0
  m_StaticBatchRoot: {fileID: 0}
  m_ProbeAnchor: {fileID: 0}
  m_LightProbeVolumeOverride: {fileID: 0}
  m_ScaleInLightmap: 1
  m_PreserveUVs: 0
  m_IgnoreNormalsForChartDetection: 0
  m_ImportantGI: 0
  m_SelectedEditorRenderState: 3
  m_MinimumChartSize: 4
  m_AutoUVMaxDistance: 0.5
  m_AutoUVMaxAngle: 89
  m_LightmapParameters: {fileID: 0}
  m_SortingLayerID: 0
  m_SortingLayer: 0
  m_SortingOrder: 0
--- !u!23 &23742844127628274
MeshRenderer:
  m_ObjectHideFlags: 1
  m_PrefabParentObject: {fileID: 0}
  m_PrefabInternal: {fileID: 100100000}
  m_GameObject: {fileID: 1449934478911330}
  m_Enabled: 1
  m_CastShadows: 1
  m_ReceiveShadows: 1
  m_MotionVectors: 1
  m_LightProbeUsage: 1
  m_ReflectionProbeUsage: 1
  m_Materials:
  - {fileID: 2100000, guid: 34f7d55ece4d73f49970571ad21816a4, type: 2}
  m_StaticBatchInfo:
    firstSubMesh: 0
    subMeshCount: 0
  m_StaticBatchRoot: {fileID: 0}
  m_ProbeAnchor: {fileID: 0}
  m_LightProbeVolumeOverride: {fileID: 0}
  m_ScaleInLightmap: 1
  m_PreserveUVs: 0
  m_IgnoreNormalsForChartDetection: 0
  m_ImportantGI: 0
  m_SelectedEditorRenderState: 3
  m_MinimumChartSize: 4
  m_AutoUVMaxDistance: 0.5
  m_AutoUVMaxAngle: 89
  m_LightmapParameters: {fileID: 0}
  m_SortingLayerID: 0
  m_SortingLayer: 0
  m_SortingOrder: 0
--- !u!23 &23939465783792528
MeshRenderer:
  m_ObjectHideFlags: 1
  m_PrefabParentObject: {fileID: 0}
  m_PrefabInternal: {fileID: 100100000}
  m_GameObject: {fileID: 1252373129885010}
  m_Enabled: 1
  m_CastShadows: 1
  m_ReceiveShadows: 1
  m_MotionVectors: 1
  m_LightProbeUsage: 1
  m_ReflectionProbeUsage: 1
  m_Materials:
  - {fileID: 2100000, guid: 2d28bc4ca66a2aa4b8cab3e3a89d82e1, type: 2}
  m_StaticBatchInfo:
    firstSubMesh: 0
    subMeshCount: 0
  m_StaticBatchRoot: {fileID: 0}
  m_ProbeAnchor: {fileID: 0}
  m_LightProbeVolumeOverride: {fileID: 0}
  m_ScaleInLightmap: 1
  m_PreserveUVs: 0
  m_IgnoreNormalsForChartDetection: 0
  m_ImportantGI: 0
  m_SelectedEditorRenderState: 3
  m_MinimumChartSize: 4
  m_AutoUVMaxDistance: 0.5
  m_AutoUVMaxAngle: 89
  m_LightmapParameters: {fileID: 0}
  m_SortingLayerID: 0
  m_SortingLayer: 0
  m_SortingOrder: 0
--- !u!33 &33056686137946358
MeshFilter:
  m_ObjectHideFlags: 1
  m_PrefabParentObject: {fileID: 0}
  m_PrefabInternal: {fileID: 100100000}
  m_GameObject: {fileID: 1858648623991942}
  m_Mesh: {fileID: 4300014, guid: 52f01f7da6e7efb428f251cc0b049e1e, type: 3}
--- !u!33 &33110365484494802
MeshFilter:
  m_ObjectHideFlags: 1
  m_PrefabParentObject: {fileID: 0}
  m_PrefabInternal: {fileID: 100100000}
  m_GameObject: {fileID: 1069692379333070}
  m_Mesh: {fileID: 4300004, guid: 52f01f7da6e7efb428f251cc0b049e1e, type: 3}
--- !u!33 &33124181464472882
MeshFilter:
  m_ObjectHideFlags: 1
  m_PrefabParentObject: {fileID: 0}
  m_PrefabInternal: {fileID: 100100000}
  m_GameObject: {fileID: 1449934478911330}
  m_Mesh: {fileID: 4300010, guid: 52f01f7da6e7efb428f251cc0b049e1e, type: 3}
--- !u!33 &33339701297860448
MeshFilter:
  m_ObjectHideFlags: 1
  m_PrefabParentObject: {fileID: 0}
  m_PrefabInternal: {fileID: 100100000}
  m_GameObject: {fileID: 1724601093880390}
  m_Mesh: {fileID: 4300018, guid: 52f01f7da6e7efb428f251cc0b049e1e, type: 3}
--- !u!33 &33580711067489110
MeshFilter:
  m_ObjectHideFlags: 1
  m_PrefabParentObject: {fileID: 0}
  m_PrefabInternal: {fileID: 100100000}
  m_GameObject: {fileID: 1934536297962978}
  m_Mesh: {fileID: 4300016, guid: 52f01f7da6e7efb428f251cc0b049e1e, type: 3}
--- !u!33 &33670355499234438
MeshFilter:
  m_ObjectHideFlags: 1
  m_PrefabParentObject: {fileID: 0}
  m_PrefabInternal: {fileID: 100100000}
  m_GameObject: {fileID: 1252373129885010}
  m_Mesh: {fileID: 4300034, guid: 52f01f7da6e7efb428f251cc0b049e1e, type: 3}
--- !u!33 &33762212059458072
MeshFilter:
  m_ObjectHideFlags: 1
  m_PrefabParentObject: {fileID: 0}
  m_PrefabInternal: {fileID: 100100000}
  m_GameObject: {fileID: 1073595375665918}
  m_Mesh: {fileID: 4300006, guid: 52f01f7da6e7efb428f251cc0b049e1e, type: 3}
--- !u!33 &33787345887528048
MeshFilter:
  m_ObjectHideFlags: 1
  m_PrefabParentObject: {fileID: 0}
  m_PrefabInternal: {fileID: 100100000}
  m_GameObject: {fileID: 1793083855835834}
  m_Mesh: {fileID: 4300030, guid: 52f01f7da6e7efb428f251cc0b049e1e, type: 3}
--- !u!33 &33804202314433852
MeshFilter:
  m_ObjectHideFlags: 1
  m_PrefabParentObject: {fileID: 0}
  m_PrefabInternal: {fileID: 100100000}
  m_GameObject: {fileID: 1764503275765102}
  m_Mesh: {fileID: 4300012, guid: 52f01f7da6e7efb428f251cc0b049e1e, type: 3}
--- !u!33 &33840746857872878
MeshFilter:
  m_ObjectHideFlags: 1
  m_PrefabParentObject: {fileID: 0}
  m_PrefabInternal: {fileID: 100100000}
  m_GameObject: {fileID: 1004973668170550}
  m_Mesh: {fileID: 4300008, guid: 52f01f7da6e7efb428f251cc0b049e1e, type: 3}
--- !u!33 &33975673450799534
MeshFilter:
  m_ObjectHideFlags: 1
  m_PrefabParentObject: {fileID: 0}
  m_PrefabInternal: {fileID: 100100000}
  m_GameObject: {fileID: 1969886550706936}
  m_Mesh: {fileID: 4300032, guid: 52f01f7da6e7efb428f251cc0b049e1e, type: 3}
--- !u!54 &54791008220869448
Rigidbody:
  m_ObjectHideFlags: 1
  m_PrefabParentObject: {fileID: 0}
  m_PrefabInternal: {fileID: 100100000}
  m_GameObject: {fileID: 1145868523609370}
  serializedVersion: 2
  m_Mass: 200
  m_Drag: 0
  m_AngularDrag: 0.05
  m_UseGravity: 1
  m_IsKinematic: 0
  m_Interpolate: 0
  m_Constraints: 112
  m_CollisionDetection: 0
--- !u!95 &95828236635620508
Animator:
  serializedVersion: 3
  m_ObjectHideFlags: 1
  m_PrefabParentObject: {fileID: 0}
  m_PrefabInternal: {fileID: 100100000}
  m_GameObject: {fileID: 1259969049751774}
  m_Enabled: 1
  m_Avatar: {fileID: 0}
  m_Controller: {fileID: 9100000, guid: 9df4e23001863d5469a7d65c0f8ea65d, type: 2}
  m_CullingMode: 0
  m_UpdateMode: 0
  m_ApplyRootMotion: 0
  m_LinearVelocityBlending: 0
  m_WarningMessage: 
  m_HasTransformHierarchy: 1
  m_AllowConstantClipSamplingOptimization: 1
--- !u!95 &95878861814884544
Animator:
  serializedVersion: 3
  m_ObjectHideFlags: 1
  m_PrefabParentObject: {fileID: 0}
  m_PrefabInternal: {fileID: 100100000}
  m_GameObject: {fileID: 1145868523609370}
  m_Enabled: 1
  m_Avatar: {fileID: 9000000, guid: 52f01f7da6e7efb428f251cc0b049e1e, type: 3}
  m_Controller: {fileID: 22100000, guid: a5913b977cc86e645bc4cd5d00fd3ef8, type: 2}
  m_CullingMode: 1
  m_UpdateMode: 0
  m_ApplyRootMotion: 1
  m_LinearVelocityBlending: 0
  m_WarningMessage: 
  m_HasTransformHierarchy: 1
  m_AllowConstantClipSamplingOptimization: 1
--- !u!102 &102654683780477856
TextMesh:
  serializedVersion: 3
  m_ObjectHideFlags: 1
  m_PrefabParentObject: {fileID: 0}
  m_PrefabInternal: {fileID: 100100000}
  m_GameObject: {fileID: 1259969049751774}
  m_Text: "TEST\t"
  m_OffsetZ: 0
  m_CharacterSize: 1
  m_LineSpacing: 1
  m_Anchor: 4
  m_Alignment: 1
  m_TabSize: 4
  m_FontSize: 90
  m_FontStyle: 0
  m_RichText: 1
  m_Font: {fileID: 10102, guid: 0000000000000000e000000000000000, type: 0}
  m_Color:
    serializedVersion: 2
    rgba: 4278190335
--- !u!114 &114241791909347536
MonoBehaviour:
  m_ObjectHideFlags: 1
  m_PrefabParentObject: {fileID: 0}
  m_PrefabInternal: {fileID: 100100000}
  m_GameObject: {fileID: 1145868523609370}
  m_Enabled: 1
  m_EditorHideFlags: 0
  m_Script: {fileID: 372142912, guid: dc443db3e92b4983b9738c1131f555cb, type: 3}
  m_Name: 
  m_EditorClassIdentifier: 
  m_SceneId:
    m_Value: 0
  m_AssetId:
    i0: 116
    i1: 71
    i2: 115
    i3: 36
    i4: 194
    i5: 162
    i6: 193
    i7: 84
    i8: 136
    i9: 73
    i10: 97
    i11: 41
    i12: 132
    i13: 47
    i14: 42
    i15: 90
  m_ServerOnly: 0
  m_LocalPlayerAuthority: 0
--- !u!114 &114362490190293638
MonoBehaviour:
  m_ObjectHideFlags: 1
  m_PrefabParentObject: {fileID: 0}
  m_PrefabInternal: {fileID: 100100000}
  m_GameObject: {fileID: 1145868523609370}
  m_Enabled: 1
  m_EditorHideFlags: 0
  m_Script: {fileID: -1768714887, guid: dc443db3e92b4983b9738c1131f555cb, type: 3}
  m_Name: 
  m_EditorClassIdentifier: 
  m_TransformSyncMode: 3
  m_SendInterval: 0.1
  m_SyncRotationAxis: 7
  m_RotationSyncCompression: 0
  m_SyncSpin: 0
  m_MovementTheshold: 0.001
  m_VelocityThreshold: 0.0001
  m_SnapThreshold: 5
  m_InterpolateRotation: 1
  m_InterpolateMovement: 1
--- !u!114 &114393655791064348
MonoBehaviour:
  m_ObjectHideFlags: 1
  m_PrefabParentObject: {fileID: 0}
  m_PrefabInternal: {fileID: 100100000}
  m_GameObject: {fileID: 1233218032700470}
  m_Enabled: 1
  m_EditorHideFlags: 0
  m_Script: {fileID: 11500000, guid: ceae66245012c7c4dbfdaa2d29d53e9e, type: 3}
  m_Name: 
  m_EditorClassIdentifier: 
  version: 169
  labelEnabled: 0
  labelPosition: {x: 0, y: 0}
  labelPositionNormalized: 1
  labelFormat: '{cur}/{max}'
  labelColor: {r: 1, g: 1, b: 1, a: 1}
  effectSmoothChange: 0
  effectSmoothChangeSpeed: 0.5
  effectSmoothChangeDirection: 0
  effectSmoothChangeFinishedNotify:
    receiver: {fileID: 0}
    methodName: 
  effectBurn: 0
  effectBurnTextureBar: {fileID: 0}
  atlasEffectBurnTextureBarGUID: 
  effectBurnTextureBarColor: {r: 1, g: 0, b: 0, a: 1}
  effectBurnFinishedNotify:
    receiver: {fileID: 0}
    methodName: 
  effectBurnDirection: 1
  _tint: {r: 1, g: 1, b: 1, a: 1}
  spritesBackground:
  - color: {r: 1, g: 1, b: 1, a: 1}
    sprite: {fileID: 21300000, guid: b53aefd2566f2b740b0ed49cc1407761, type: 3}
    material: {fileID: 0}
  spritesForeground: []
  label: {fileID: 0}
  labelInheritOpacity: 0
  effectBurnSprite:
    color: {r: 1, g: 1, b: 1, a: 1}
    sprite: {fileID: 0}
    material: {fileID: 0}
  debugMode: 0
  createdChildren:
  - {fileID: 1559565315313654}
  - {fileID: 1705337649717652}
  backgroundBinds:
  - image: {fileID: 114953951442053466}
    index: 0
  foregroundBinds: []
  spriteBar: {fileID: 21300000, guid: 42ba656a59abadc4e8678ffe0241b71d, type: 3}
  spriteBarColorType: 0
  spriteBarColor: {r: 1, g: 0, b: 0, a: 1}
  spriteBarGradient:
    serializedVersion: 2
    key0: {r: 1, g: 1, b: 1, a: 1}
    key1: {r: 1, g: 1, b: 1, a: 1}
    key2: {r: 0, g: 0, b: 0, a: 0}
    key3: {r: 0, g: 0, b: 0, a: 0}
    key4: {r: 0, g: 0, b: 0, a: 0}
    key5: {r: 0, g: 0, b: 0, a: 0}
    key6: {r: 0, g: 0, b: 0, a: 0}
    key7: {r: 0, g: 0, b: 0, a: 0}
    ctime0: 0
    ctime1: 65535
    ctime2: 0
    ctime3: 0
    ctime4: 0
    ctime5: 0
    ctime6: 0
    ctime7: 0
    atime0: 0
    atime1: 65535
    atime2: 0
    atime3: 0
    atime4: 0
    atime5: 0
    atime6: 0
    atime7: 0
    m_Mode: 0
    m_NumColorKeys: 2
    m_NumAlphaKeys: 2
  spriteBarMinSize: 110
  growDirection: 0
  barImageScale: {x: 1, y: 1, z: 1}
  barImageOffset: {x: 0, y: 0, z: 0}
  effectBlink: 0
  effectBlinkValue: 0.2
  effectBlinkRatePerSecond: 1
  effectBlinkColor: {r: 1, g: 1, b: 1, a: 0}
  effectBlinkOperator: 1
  lastRebuildHash: 2051706957
  dirty: 0
  imageBar: {fileID: 114703575232676166}
  imageBurn: {fileID: 0}
--- !u!114 &114416932389260058
MonoBehaviour:
  m_ObjectHideFlags: 1
  m_PrefabParentObject: {fileID: 0}
  m_PrefabInternal: {fileID: 100100000}
  m_GameObject: {fileID: 1562081069689834}
  m_Enabled: 1
  m_EditorHideFlags: 0
  m_Script: {fileID: 1301386320, guid: f70555f144d8491a825f0804e09c671c, type: 3}
  m_Name: 
  m_EditorClassIdentifier: 
  m_IgnoreReversedGraphics: 1
  m_BlockingObjects: 0
  m_BlockingMask:
    serializedVersion: 2
    m_Bits: 4294967295
--- !u!114 &114429710358076778
MonoBehaviour:
  m_ObjectHideFlags: 1
  m_PrefabParentObject: {fileID: 0}
  m_PrefabInternal: {fileID: 100100000}
  m_GameObject: {fileID: 1562081069689834}
  m_Enabled: 1
  m_EditorHideFlags: 0
  m_Script: {fileID: 1980459831, guid: f70555f144d8491a825f0804e09c671c, type: 3}
  m_Name: 
  m_EditorClassIdentifier: 
  m_UiScaleMode: 0
  m_ReferencePixelsPerUnit: 100
  m_ScaleFactor: 1
  m_ReferenceResolution: {x: 800, y: 600}
  m_ScreenMatchMode: 0
  m_MatchWidthOrHeight: 0
  m_PhysicalUnit: 3
  m_FallbackScreenDPI: 96
  m_DefaultSpriteDPI: 96
  m_DynamicPixelsPerUnit: 1
--- !u!114 &114430968252353718
MonoBehaviour:
  m_ObjectHideFlags: 1
  m_PrefabParentObject: {fileID: 0}
  m_PrefabInternal: {fileID: 100100000}
  m_GameObject: {fileID: 1259969049751774}
  m_Enabled: 1
  m_EditorHideFlags: 0
  m_Script: {fileID: 11500000, guid: 4190b68c74075ea4cb4171558614cd78, type: 3}
  m_Name: 
  m_EditorClassIdentifier: 
  critScale: 2
  fontSize: 45
  fontScale: 0.05
--- !u!114 &114575541256380858
MonoBehaviour:
  m_ObjectHideFlags: 1
  m_PrefabParentObject: {fileID: 0}
  m_PrefabInternal: {fileID: 100100000}
  m_GameObject: {fileID: 1233218032700470}
  m_Enabled: 1
  m_EditorHideFlags: 0
  m_Script: {fileID: 11500000, guid: f2bfc393ba3e9ba4886cecff90d9a611, type: 3}
  m_Name: 
  m_EditorClassIdentifier: 
  _valueCurrent: 100
  valueMin: 5
  valueMax: 100
  animationEnabled: 0
  animValueF: 0
--- !u!114 &114661345196569884
MonoBehaviour:
  m_ObjectHideFlags: 1
  m_PrefabParentObject: {fileID: 0}
  m_PrefabInternal: {fileID: 100100000}
  m_GameObject: {fileID: 1145868523609370}
  m_Enabled: 1
  m_EditorHideFlags: 0
  m_Script: {fileID: 11500000, guid: c3728aa03615a874ca335fb729e9c2de, type: 3}
  m_Name: 
  m_EditorClassIdentifier: 
--- !u!114 &114703575232676166
MonoBehaviour:
  m_ObjectHideFlags: 1
  m_PrefabParentObject: {fileID: 0}
  m_PrefabInternal: {fileID: 100100000}
  m_GameObject: {fileID: 1705337649717652}
  m_Enabled: 1
  m_EditorHideFlags: 0
  m_Script: {fileID: -765806418, guid: f70555f144d8491a825f0804e09c671c, type: 3}
  m_Name: 
  m_EditorClassIdentifier: 
  m_Material: {fileID: 0}
  m_Color: {r: 1, g: 0, b: 0, a: 1}
  m_RaycastTarget: 1
  m_OnCullStateChanged:
    m_PersistentCalls:
      m_Calls: []
    m_TypeName: UnityEngine.UI.MaskableGraphic+CullStateChangedEvent, UnityEngine.UI,
      Version=1.0.0.0, Culture=neutral, PublicKeyToken=null
  m_Sprite: {fileID: 21300000, guid: 42ba656a59abadc4e8678ffe0241b71d, type: 3}
  m_Type: 1
  m_PreserveAspect: 0
  m_FillCenter: 1
  m_FillMethod: 4
  m_FillAmount: 1
  m_FillClockwise: 1
  m_FillOrigin: 0
--- !u!114 &114815003934013442
MonoBehaviour:
  m_ObjectHideFlags: 1
  m_PrefabParentObject: {fileID: 0}
  m_PrefabInternal: {fileID: 100100000}
  m_GameObject: {fileID: 1145868523609370}
  m_Enabled: 1
  m_EditorHideFlags: 0
  m_Script: {fileID: 11500000, guid: adcce5a54254a2f4aa675838dcb71da2, type: 3}
  m_Name: 
  m_EditorClassIdentifier: 
  dps: 10
  isColliding: 0
--- !u!114 &114816346135593340
MonoBehaviour:
  m_ObjectHideFlags: 1
  m_PrefabParentObject: {fileID: 0}
  m_PrefabInternal: {fileID: 100100000}
  m_GameObject: {fileID: 1233218032700470}
  m_Enabled: 1
  m_EditorHideFlags: 0
  m_Script: {fileID: 11500000, guid: 01a9a691aad03cf49be7c0e95e7ac913, type: 3}
  m_Name: 
  m_EditorClassIdentifier: 
  followObject: {fileID: 0}
  offset: {x: 0, y: 0, z: 0}
  rotation: {x: 0, y: 0, z: 0}
  worldCamera:
    chosenMethod: 4
    path: /Main Camera
    tag: MainCamera
    reference: {fileID: 0}
    typeString: UnityEngine.Camera
    assembly: Assembly-CSharp, Version=0.0.0.0, Culture=neutral, PublicKeyToken=null
  lookAtCamera: 1
  updateLookupReference: 0
  renderCamera: {fileID: 0}
--- !u!114 &114953951442053466
MonoBehaviour:
  m_ObjectHideFlags: 1
  m_PrefabParentObject: {fileID: 0}
  m_PrefabInternal: {fileID: 100100000}
  m_GameObject: {fileID: 1559565315313654}
  m_Enabled: 1
  m_EditorHideFlags: 0
  m_Script: {fileID: -765806418, guid: f70555f144d8491a825f0804e09c671c, type: 3}
  m_Name: 
  m_EditorClassIdentifier: 
  m_Material: {fileID: 0}
  m_Color: {r: 1, g: 1, b: 1, a: 1}
  m_RaycastTarget: 1
  m_OnCullStateChanged:
    m_PersistentCalls:
      m_Calls: []
    m_TypeName: UnityEngine.UI.MaskableGraphic+CullStateChangedEvent, UnityEngine.UI,
      Version=1.0.0.0, Culture=neutral, PublicKeyToken=null
  m_Sprite: {fileID: 21300000, guid: b53aefd2566f2b740b0ed49cc1407761, type: 3}
  m_Type: 1
  m_PreserveAspect: 0
  m_FillCenter: 1
  m_FillMethod: 4
  m_FillAmount: 1
  m_FillClockwise: 1
  m_FillOrigin: 0
--- !u!114 &114998446578963926
MonoBehaviour:
  m_ObjectHideFlags: 1
  m_PrefabParentObject: {fileID: 0}
  m_PrefabInternal: {fileID: 100100000}
  m_GameObject: {fileID: 1145868523609370}
  m_Enabled: 1
  m_EditorHideFlags: 0
  m_Script: {fileID: 11500000, guid: 6189b2f2eb8469c4eac08f6482bbc901, type: 3}
  m_Name: 
  m_EditorClassIdentifier: 
  deathDestroyTime: 30
  floatingCombatText: {fileID: 0}
  characterHealth: 0
  characterMana: 0
  characterTotalHealth: 0
  characterTotalMana: 0
--- !u!135 &135198241361573018
SphereCollider:
  m_ObjectHideFlags: 1
  m_PrefabParentObject: {fileID: 0}
  m_PrefabInternal: {fileID: 100100000}
  m_GameObject: {fileID: 1391749314482028}
  m_Material: {fileID: 0}
  m_IsTrigger: 1
  m_Enabled: 1
  serializedVersion: 2
  m_Radius: 10
  m_Center: {x: 0, y: 1, z: 0}
--- !u!136 &136354485816967828
CapsuleCollider:
  m_ObjectHideFlags: 1
  m_PrefabParentObject: {fileID: 0}
  m_PrefabInternal: {fileID: 100100000}
  m_GameObject: {fileID: 1145868523609370}
  m_Material: {fileID: 0}
  m_IsTrigger: 0
  m_Enabled: 1
  m_Radius: 0.5
  m_Height: 2
  m_Direction: 1
  m_Center: {x: 0, y: 1, z: 0}
--- !u!137 &137372281719887740
SkinnedMeshRenderer:
  m_ObjectHideFlags: 1
  m_PrefabParentObject: {fileID: 0}
  m_PrefabInternal: {fileID: 100100000}
  m_GameObject: {fileID: 1421959397034060}
  m_Enabled: 1
  m_CastShadows: 1
  m_ReceiveShadows: 1
  m_MotionVectors: 1
  m_LightProbeUsage: 1
  m_ReflectionProbeUsage: 1
  m_Materials:
  - {fileID: 2100000, guid: 34f7d55ece4d73f49970571ad21816a4, type: 2}
  m_StaticBatchInfo:
    firstSubMesh: 0
    subMeshCount: 0
  m_StaticBatchRoot: {fileID: 0}
  m_ProbeAnchor: {fileID: 0}
  m_LightProbeVolumeOverride: {fileID: 0}
  m_ScaleInLightmap: 1
  m_PreserveUVs: 0
  m_IgnoreNormalsForChartDetection: 0
  m_ImportantGI: 0
  m_SelectedEditorRenderState: 3
  m_MinimumChartSize: 4
  m_AutoUVMaxDistance: 0.5
  m_AutoUVMaxAngle: 89
  m_LightmapParameters: {fileID: 0}
  m_SortingLayerID: 0
  m_SortingLayer: 0
  m_SortingOrder: 0
  serializedVersion: 2
  m_Quality: 0
  m_UpdateWhenOffscreen: 0
  m_SkinnedMotionVectors: 1
  m_Mesh: {fileID: 4300036, guid: 52f01f7da6e7efb428f251cc0b049e1e, type: 3}
  m_Bones:
  - {fileID: 4969490572890782}
  - {fileID: 4591519033098922}
  m_BlendShapeWeights: []
  m_RootBone: {fileID: 4969490572890782}
  m_AABB:
    m_Center: {x: -0.095777914, y: 0.033910364, z: 0.006718397}
    m_Extent: {x: 0.12130307, y: 0.054978356, z: 0.9081679}
  m_DirtyAABB: 0
--- !u!137 &137389011414175878
SkinnedMeshRenderer:
  m_ObjectHideFlags: 1
  m_PrefabParentObject: {fileID: 0}
  m_PrefabInternal: {fileID: 100100000}
  m_GameObject: {fileID: 1155358171031532}
  m_Enabled: 1
  m_CastShadows: 1
  m_ReceiveShadows: 1
  m_MotionVectors: 1
  m_LightProbeUsage: 1
  m_ReflectionProbeUsage: 1
  m_Materials:
  - {fileID: 2100000, guid: c66dd5e1e9e2b4447af6194a028e8f85, type: 2}
  m_StaticBatchInfo:
    firstSubMesh: 0
    subMeshCount: 0
  m_StaticBatchRoot: {fileID: 0}
  m_ProbeAnchor: {fileID: 0}
  m_LightProbeVolumeOverride: {fileID: 0}
  m_ScaleInLightmap: 1
  m_PreserveUVs: 0
  m_IgnoreNormalsForChartDetection: 0
  m_ImportantGI: 0
  m_SelectedEditorRenderState: 3
  m_MinimumChartSize: 4
  m_AutoUVMaxDistance: 0.5
  m_AutoUVMaxAngle: 89
  m_LightmapParameters: {fileID: 0}
  m_SortingLayerID: 0
  m_SortingLayer: 0
  m_SortingOrder: 0
  serializedVersion: 2
  m_Quality: 0
  m_UpdateWhenOffscreen: 0
  m_SkinnedMotionVectors: 1
  m_Mesh: {fileID: 4300022, guid: 52f01f7da6e7efb428f251cc0b049e1e, type: 3}
  m_Bones:
  - {fileID: 4721021745031236}
  - {fileID: 4840341349708694}
  - {fileID: 4021330851217240}
  - {fileID: 4165617988175240}
  - {fileID: 4383051519850350}
  - {fileID: 4485368989482130}
  - {fileID: 4057494016741814}
  - {fileID: 4977818766370742}
  - {fileID: 4938159735091986}
  - {fileID: 4670487227994332}
  - {fileID: 4226925676888430}
  - {fileID: 4994512453138034}
  - {fileID: 4062640392985394}
  - {fileID: 4456505327308148}
  m_BlendShapeWeights: []
  m_RootBone: {fileID: 4977818766370742}
  m_AABB:
    m_Center: {x: -0.17276976, y: 0.059879936, z: -0.058067203}
    m_Extent: {x: 0.86866033, y: 0.2471081, z: 0.5539323}
  m_DirtyAABB: 0
--- !u!137 &137775001888982286
SkinnedMeshRenderer:
  m_ObjectHideFlags: 1
  m_PrefabParentObject: {fileID: 0}
  m_PrefabInternal: {fileID: 100100000}
  m_GameObject: {fileID: 1051198598135956}
  m_Enabled: 1
  m_CastShadows: 1
  m_ReceiveShadows: 1
  m_MotionVectors: 1
  m_LightProbeUsage: 1
  m_ReflectionProbeUsage: 1
  m_Materials:
  - {fileID: 2100000, guid: fdc3d530b07201f4d9f91d764df51d7b, type: 2}
  m_StaticBatchInfo:
    firstSubMesh: 0
    subMeshCount: 0
  m_StaticBatchRoot: {fileID: 0}
  m_ProbeAnchor: {fileID: 0}
  m_LightProbeVolumeOverride: {fileID: 0}
  m_ScaleInLightmap: 1
  m_PreserveUVs: 0
  m_IgnoreNormalsForChartDetection: 0
  m_ImportantGI: 0
  m_SelectedEditorRenderState: 3
  m_MinimumChartSize: 4
  m_AutoUVMaxDistance: 0.5
  m_AutoUVMaxAngle: 89
  m_LightmapParameters: {fileID: 0}
  m_SortingLayerID: 0
  m_SortingLayer: 0
  m_SortingOrder: 0
  serializedVersion: 2
  m_Quality: 0
  m_UpdateWhenOffscreen: 0
  m_SkinnedMotionVectors: 1
  m_Mesh: {fileID: 4300024, guid: 52f01f7da6e7efb428f251cc0b049e1e, type: 3}
  m_Bones:
  - {fileID: 4721021745031236}
  - {fileID: 4226925676888430}
  - {fileID: 4994512453138034}
  - {fileID: 4021330851217240}
  - {fileID: 4840341349708694}
  - {fileID: 4484094497946120}
  - {fileID: 4062640392985394}
  - {fileID: 4977818766370742}
  - {fileID: 4456505327308148}
  - {fileID: 4021686564251128}
  - {fileID: 4225069042782866}
  - {fileID: 4938159735091986}
  - {fileID: 4670487227994332}
  - {fileID: 4383051519850350}
  - {fileID: 4165617988175240}
  - {fileID: 4362668090522970}
  - {fileID: 4307261694874702}
  m_BlendShapeWeights: []
  m_RootBone: {fileID: 4977818766370742}
  m_AABB:
    m_Center: {x: -0.27193627, y: 0.014073797, z: -0.038590014}
    m_Extent: {x: 0.70386887, y: 0.21211836, z: 0.45527297}
  m_DirtyAABB: 0
--- !u!137 &137828462416950116
SkinnedMeshRenderer:
  m_ObjectHideFlags: 1
  m_PrefabParentObject: {fileID: 0}
  m_PrefabInternal: {fileID: 100100000}
  m_GameObject: {fileID: 1732218273794226}
  m_Enabled: 1
  m_CastShadows: 1
  m_ReceiveShadows: 1
  m_MotionVectors: 1
  m_LightProbeUsage: 1
  m_ReflectionProbeUsage: 1
  m_Materials:
  - {fileID: 2100000, guid: f9b6dae4cb841134e864c51a8bf407ba, type: 2}
  m_StaticBatchInfo:
    firstSubMesh: 0
    subMeshCount: 0
  m_StaticBatchRoot: {fileID: 0}
  m_ProbeAnchor: {fileID: 0}
  m_LightProbeVolumeOverride: {fileID: 0}
  m_ScaleInLightmap: 1
  m_PreserveUVs: 0
  m_IgnoreNormalsForChartDetection: 0
  m_ImportantGI: 0
  m_SelectedEditorRenderState: 3
  m_MinimumChartSize: 4
  m_AutoUVMaxDistance: 0.5
  m_AutoUVMaxAngle: 89
  m_LightmapParameters: {fileID: 0}
  m_SortingLayerID: 0
  m_SortingLayer: 0
  m_SortingOrder: 0
  serializedVersion: 2
  m_Quality: 0
  m_UpdateWhenOffscreen: 0
  m_SkinnedMotionVectors: 1
  m_Mesh: {fileID: 4300020, guid: 52f01f7da6e7efb428f251cc0b049e1e, type: 3}
  m_Bones:
  - {fileID: 4977818766370742}
  - {fileID: 4516818044714340}
  - {fileID: 4074967990846224}
  - {fileID: 4021330851217240}
  - {fileID: 4544270907384474}
  - {fileID: 4485368989482130}
  - {fileID: 4721021745031236}
  - {fileID: 4226925676888430}
  - {fileID: 4383051519850350}
  - {fileID: 4317129336773056}
  - {fileID: 4840341349708694}
  - {fileID: 4484094497946120}
  - {fileID: 4994512453138034}
  - {fileID: 4165617988175240}
  - {fileID: 4392426635496838}
  - {fileID: 4042268801336696}
  - {fileID: 4726810795207640}
  - {fileID: 4379270665544622}
  - {fileID: 4605385116973154}
  - {fileID: 4220291202793108}
  - {fileID: 4791539276742746}
  - {fileID: 4992223232455332}
  - {fileID: 4597657215544894}
  - {fileID: 4747551061458054}
  - {fileID: 4746139385897256}
  - {fileID: 4587434305979888}
  - {fileID: 4427245497917440}
  - {fileID: 4057494016741814}
  - {fileID: 4533530513334586}
  - {fileID: 4684571069037860}
  - {fileID: 4322854823290020}
  - {fileID: 4443693198869616}
  - {fileID: 4438822181874294}
  - {fileID: 4505606892201420}
  - {fileID: 4954293435219398}
  m_BlendShapeWeights: []
  m_RootBone: {fileID: 4977818766370742}
  m_AABB:
    m_Center: {x: 0.02616921, y: 0.089560814, z: 0.033631176}
    m_Extent: {x: 0.9813638, y: 0.26090187, z: 0.55418026}
  m_DirtyAABB: 0
--- !u!195 &195931294566544280
NavMeshAgent:
  m_ObjectHideFlags: 1
  m_PrefabParentObject: {fileID: 0}
  m_PrefabInternal: {fileID: 100100000}
  m_GameObject: {fileID: 1145868523609370}
  m_Enabled: 1
  m_AgentTypeID: 0
  m_Radius: 0.5
  m_Speed: 2
  m_Acceleration: 8
  avoidancePriority: 50
  m_AngularSpeed: 120
  m_StoppingDistance: 0
  m_AutoTraverseOffMeshLink: 1
  m_AutoBraking: 1
  m_AutoRepath: 1
  m_Height: 2
  m_BaseOffset: 0
  m_WalkableMask: 4294967295
  m_ObstacleAvoidanceType: 4
--- !u!222 &222099220592341850
CanvasRenderer:
  m_ObjectHideFlags: 1
  m_PrefabParentObject: {fileID: 0}
  m_PrefabInternal: {fileID: 100100000}
  m_GameObject: {fileID: 1705337649717652}
--- !u!222 &222371862987274496
CanvasRenderer:
  m_ObjectHideFlags: 1
  m_PrefabParentObject: {fileID: 0}
  m_PrefabInternal: {fileID: 100100000}
  m_GameObject: {fileID: 1559565315313654}
--- !u!223 &223697138202824716
Canvas:
  m_ObjectHideFlags: 1
  m_PrefabParentObject: {fileID: 0}
  m_PrefabInternal: {fileID: 100100000}
  m_GameObject: {fileID: 1562081069689834}
  m_Enabled: 1
  serializedVersion: 3
  m_RenderMode: 2
  m_Camera: {fileID: 0}
  m_PlaneDistance: 100
  m_PixelPerfect: 0
  m_ReceivesEvents: 1
  m_OverrideSorting: 0
  m_OverridePixelPerfect: 0
  m_SortingBucketNormalizedSize: 0
  m_AdditionalShaderChannelsFlag: 0
  m_SortingLayerID: 0
  m_SortingOrder: 0
  m_TargetDisplay: 0
--- !u!224 &224177888805923728
RectTransform:
  m_ObjectHideFlags: 1
  m_PrefabParentObject: {fileID: 0}
  m_PrefabInternal: {fileID: 100100000}
  m_GameObject: {fileID: 1705337649717652}
  m_LocalRotation: {x: 0, y: 0, z: 0, w: 1}
  m_LocalPosition: {x: 0, y: 0, z: 0}
  m_LocalScale: {x: 1, y: 1, z: 1}
  m_Children: []
  m_Father: {fileID: 224384651421162116}
  m_RootOrder: 1
  m_LocalEulerAnglesHint: {x: 0, y: 0, z: 0}
  m_AnchorMin: {x: 0.5, y: 0.5}
  m_AnchorMax: {x: 0.5, y: 0.5}
  m_AnchoredPosition: {x: 0, y: 0}
  m_SizeDelta: {x: 512, y: 128}
  m_Pivot: {x: 0.5, y: 0.5}
--- !u!224 &224384651421162116
RectTransform:
  m_ObjectHideFlags: 1
  m_PrefabParentObject: {fileID: 0}
  m_PrefabInternal: {fileID: 100100000}
  m_GameObject: {fileID: 1233218032700470}
  m_LocalRotation: {x: 0, y: 1, z: 0, w: 0}
  m_LocalPosition: {x: 0, y: 0, z: 0}
  m_LocalScale: {x: 0.003, y: 0.003, z: 0.003}
  m_Children:
  - {fileID: 224488758164119968}
  - {fileID: 224177888805923728}
  m_Father: {fileID: 224873682114484466}
  m_RootOrder: 0
  m_LocalEulerAnglesHint: {x: 0, y: 180, z: 0}
  m_AnchorMin: {x: 0.5, y: 0.5}
  m_AnchorMax: {x: 0.5, y: 0.5}
  m_AnchoredPosition: {x: 0, y: 2.1570015}
  m_SizeDelta: {x: 512, y: 128}
  m_Pivot: {x: 0.5, y: 0.5}
--- !u!224 &224488758164119968
RectTransform:
  m_ObjectHideFlags: 1
  m_PrefabParentObject: {fileID: 0}
  m_PrefabInternal: {fileID: 100100000}
  m_GameObject: {fileID: 1559565315313654}
  m_LocalRotation: {x: 0, y: 0, z: 0, w: 1}
  m_LocalPosition: {x: 0, y: 0, z: 0}
  m_LocalScale: {x: 1, y: 1, z: 1}
  m_Children: []
  m_Father: {fileID: 224384651421162116}
  m_RootOrder: 0
  m_LocalEulerAnglesHint: {x: 0, y: 0, z: 0}
  m_AnchorMin: {x: 0.5, y: 0.5}
  m_AnchorMax: {x: 0.5, y: 0.5}
  m_AnchoredPosition: {x: 0, y: 0}
  m_SizeDelta: {x: 512, y: 128}
  m_Pivot: {x: 0.5, y: 0.5}
--- !u!224 &224873682114484466
RectTransform:
  m_ObjectHideFlags: 1
  m_PrefabParentObject: {fileID: 0}
  m_PrefabInternal: {fileID: 100100000}
  m_GameObject: {fileID: 1562081069689834}
  m_LocalRotation: {x: -0, y: -0, z: -0, w: 1}
  m_LocalPosition: {x: 0, y: 0, z: 0}
  m_LocalScale: {x: 1, y: 1, z: 1}
  m_Children:
  - {fileID: 224384651421162116}
  m_Father: {fileID: 4640365856573330}
  m_RootOrder: 2
  m_LocalEulerAnglesHint: {x: 0, y: 0, z: 0}
  m_AnchorMin: {x: 0, y: 0}
  m_AnchorMax: {x: 0, y: 0}
  m_AnchoredPosition: {x: 0, y: 0}
  m_SizeDelta: {x: 1128, y: 836}
  m_Pivot: {x: 0.5, y: 0.5}
