%YAML 1.1
%TAG !u! tag:unity3d.com,2011:
--- !u!1 &100000
GameObject:
  m_ObjectHideFlags: 0
  m_PrefabParentObject: {fileID: 0}
  m_PrefabInternal: {fileID: 100100000}
  serializedVersion: 5
  m_Component:
  - component: {fileID: 400000}
  - component: {fileID: 3300000}
  - component: {fileID: 13500000}
  - component: {fileID: 5400000}
  - component: {fileID: 11495082}
  - component: {fileID: 114925819163047236}
  - component: {fileID: 114991995402790034}
  - component: {fileID: 114791151108454416}
  - component: {fileID: 114048262921791458}
  - component: {fileID: 114824220154114676}
  - component: {fileID: 114736859323654608}
  - component: {fileID: 114362915927074696}
  - component: {fileID: 114165854117371700}
  - component: {fileID: 114073442138576626}
  - component: {fileID: 114879459817512350}
  - component: {fileID: 114958501892765378}
  - component: {fileID: 114213868185317166}
  - component: {fileID: 114890530434679770}
  - component: {fileID: 114532047991767856}
  - component: {fileID: 114495469548819404}
  - component: {fileID: 114902054000192752}
  - component: {fileID: 114939172177740806}
  - component: {fileID: 114344390110979468}
  - component: {fileID: 114653008679868698}
  - component: {fileID: 114852918384251238}
  - component: {fileID: 114856160533078490}
  - component: {fileID: 114098586498391368}
  - component: {fileID: 114724657521118876}
  - component: {fileID: 114254296703081578}
  - component: {fileID: 114797081608828966}
  - component: {fileID: 114203735141166894}
  - component: {fileID: 114557971590047832}
  - component: {fileID: 114320425233169414}
  - component: {fileID: 114238962818957568}
  - component: {fileID: 114278981608300606}
  - component: {fileID: 114585149505265684}
  - component: {fileID: 114731440960999222}
  - component: {fileID: 114134034888380006}
  - component: {fileID: 114321583475164568}
  - component: {fileID: 114943510863891222}
  m_Layer: 0
  m_Name: ShadowMegaObj
  m_TagString: Untagged
  m_Icon: {fileID: 0}
  m_NavMeshLayer: 0
  m_StaticEditorFlags: 0
  m_IsActive: 1
--- !u!4 &400000
Transform:
  m_ObjectHideFlags: 1
  m_PrefabParentObject: {fileID: 0}
  m_PrefabInternal: {fileID: 100100000}
  m_GameObject: {fileID: 100000}
  m_LocalRotation: {x: 0, y: 0, z: 0, w: 1}
  m_LocalPosition: {x: 4.4596477, y: 0.16517867, z: 4.162469}
  m_LocalScale: {x: 0.33036035, y: 0.33036035, z: 0.33036035}
  m_Children: []
  m_Father: {fileID: 0}
  m_RootOrder: 0
  m_LocalEulerAnglesHint: {x: 0, y: 0, z: 0}
--- !u!33 &3300000
MeshFilter:
  m_ObjectHideFlags: 1
  m_PrefabParentObject: {fileID: 0}
  m_PrefabInternal: {fileID: 100100000}
  m_GameObject: {fileID: 100000}
  m_Mesh: {fileID: 10207, guid: 0000000000000000e000000000000000, type: 0}
--- !u!54 &5400000
Rigidbody:
  m_ObjectHideFlags: 1
  m_PrefabParentObject: {fileID: 0}
  m_PrefabInternal: {fileID: 100100000}
  m_GameObject: {fileID: 100000}
  serializedVersion: 2
  m_Mass: 1
  m_Drag: 0
  m_AngularDrag: 0.05
  m_UseGravity: 0
  m_IsKinematic: 0
  m_Interpolate: 0
  m_Constraints: 0
  m_CollisionDetection: 0
--- !u!114 &11495082
MonoBehaviour:
  m_ObjectHideFlags: 1
  m_PrefabParentObject: {fileID: 0}
  m_PrefabInternal: {fileID: 100100000}
  m_GameObject: {fileID: 100000}
  m_Enabled: 1
  m_EditorHideFlags: 0
  m_Script: {fileID: 11500000, guid: c49efb715a1395643b158a8846980bcd, type: 3}
  m_Name: 
  m_EditorClassIdentifier: 
  impactParticle: {fileID: 150320, guid: 51e6dfc2ec9381647a7b3c25f6f6f626, type: 2}
  projectileParticle: {fileID: 145700, guid: b2074e57b217b9347bbbe6a2243875bc, type: 2}
  muzzleParticle: {fileID: 142474, guid: dac764baa80a59c4eb571085d48bd636, type: 2}
  trailParticles: []
  impactNormal: {x: 0, y: 0, z: 0}
--- !u!135 &13500000
SphereCollider:
  m_ObjectHideFlags: 1
  m_PrefabParentObject: {fileID: 0}
  m_PrefabInternal: {fileID: 100100000}
  m_GameObject: {fileID: 100000}
  m_Material: {fileID: 0}
  m_IsTrigger: 0
  m_Enabled: 1
  serializedVersion: 2
  m_Radius: 1.5
  m_Center: {x: 0, y: 0, z: 0}
--- !u!1001 &100100000
Prefab:
  m_ObjectHideFlags: 1
  serializedVersion: 2
  m_Modification:
    m_TransformParent: {fileID: 0}
    m_Modifications:
    - target: {fileID: 0}
      propertyPath: trailParticles.Array.size
      value: 1
      objectReference: {fileID: 0}
    - target: {fileID: 0}
      propertyPath: impactParticle
      value: 
      objectReference: {fileID: 150320, guid: 51e6dfc2ec9381647a7b3c25f6f6f626, type: 2}
    - target: {fileID: 0}
      propertyPath: projectileParticle
      value: 
      objectReference: {fileID: 145700, guid: b2074e57b217b9347bbbe6a2243875bc, type: 2}
    - target: {fileID: 0}
      propertyPath: trailParticles.Array.data[0]
      value: 
      objectReference: {fileID: 127774, guid: b2074e57b217b9347bbbe6a2243875bc, type: 2}
    - target: {fileID: 0}
      propertyPath: trailParticles.Array.data[1]
      value: 
      objectReference: {fileID: 160316, guid: 62de476edefb27d4fa2d5681775e8586, type: 2}
    m_RemovedComponents: []
  m_ParentPrefab: {fileID: 0}
  m_RootGameObject: {fileID: 100000}
  m_IsPrefabParent: 1
--- !u!114 &114048262921791458
MonoBehaviour:
  m_ObjectHideFlags: 1
  m_PrefabParentObject: {fileID: 0}
  m_PrefabInternal: {fileID: 100100000}
  m_GameObject: {fileID: 100000}
  m_Enabled: 1
  m_EditorHideFlags: 0
  m_Script: {fileID: 0}
  m_Name: 
  m_EditorClassIdentifier: 
  <healthChangeApplied>k__BackingField: 0
  <element>k__BackingField: 0
  <healthChange>k__BackingField: 0
--- !u!114 &114073442138576626
MonoBehaviour:
  m_ObjectHideFlags: 1
  m_PrefabParentObject: {fileID: 0}
  m_PrefabInternal: {fileID: 100100000}
  m_GameObject: {fileID: 100000}
  m_Enabled: 1
  m_EditorHideFlags: 0
  m_Script: {fileID: 0}
  m_Name: 
  m_EditorClassIdentifier: 
--- !u!114 &114098586498391368
MonoBehaviour:
  m_ObjectHideFlags: 1
  m_PrefabParentObject: {fileID: 0}
  m_PrefabInternal: {fileID: 100100000}
  m_GameObject: {fileID: 100000}
  m_Enabled: 1
  m_EditorHideFlags: 0
  m_Script: {fileID: 0}
  m_Name: 
  m_EditorClassIdentifier: 
  <healthChangeApplied>k__BackingField: 0
  <element>k__BackingField: 0
  <healthChange>k__BackingField: 0
--- !u!114 &114134034888380006
MonoBehaviour:
  m_ObjectHideFlags: 1
  m_PrefabParentObject: {fileID: 0}
  m_PrefabInternal: {fileID: 100100000}
  m_GameObject: {fileID: 100000}
  m_Enabled: 1
  m_EditorHideFlags: 0
  m_Script: {fileID: 0}
  m_Name: 
  m_EditorClassIdentifier: 
--- !u!114 &114165854117371700
MonoBehaviour:
  m_ObjectHideFlags: 1
  m_PrefabParentObject: {fileID: 0}
  m_PrefabInternal: {fileID: 100100000}
  m_GameObject: {fileID: 100000}
  m_Enabled: 1
  m_EditorHideFlags: 0
  m_Script: {fileID: 0}
  m_Name: 
  m_EditorClassIdentifier: 
--- !u!114 &114203735141166894
MonoBehaviour:
  m_ObjectHideFlags: 1
  m_PrefabParentObject: {fileID: 0}
  m_PrefabInternal: {fileID: 100100000}
  m_GameObject: {fileID: 100000}
  m_Enabled: 1
  m_EditorHideFlags: 0
  m_Script: {fileID: 0}
  m_Name: 
  m_EditorClassIdentifier: 
  <healthChangeApplied>k__BackingField: 0
  <element>k__BackingField: 0
  <healthChange>k__BackingField: 0
--- !u!114 &114213868185317166
MonoBehaviour:
  m_ObjectHideFlags: 1
  m_PrefabParentObject: {fileID: 0}
  m_PrefabInternal: {fileID: 100100000}
  m_GameObject: {fileID: 100000}
  m_Enabled: 1
  m_EditorHideFlags: 0
  m_Script: {fileID: 0}
  m_Name: 
  m_EditorClassIdentifier: 
  <healthChangeApplied>k__BackingField: 0
  <element>k__BackingField: 0
  <healthChange>k__BackingField: 0
--- !u!114 &114238962818957568
MonoBehaviour:
  m_ObjectHideFlags: 1
  m_PrefabParentObject: {fileID: 0}
  m_PrefabInternal: {fileID: 100100000}
  m_GameObject: {fileID: 100000}
  m_Enabled: 1
  m_EditorHideFlags: 0
  m_Script: {fileID: 0}
  m_Name: 
  m_EditorClassIdentifier: 
  <healthChangeApplied>k__BackingField: 0
  <element>k__BackingField: 0
  <healthChange>k__BackingField: 0
--- !u!114 &114254296703081578
MonoBehaviour:
  m_ObjectHideFlags: 1
  m_PrefabParentObject: {fileID: 0}
  m_PrefabInternal: {fileID: 100100000}
  m_GameObject: {fileID: 100000}
  m_Enabled: 1
  m_EditorHideFlags: 0
  m_Script: {fileID: 0}
  m_Name: 
  m_EditorClassIdentifier: 
--- !u!114 &114278981608300606
MonoBehaviour:
  m_ObjectHideFlags: 1
  m_PrefabParentObject: {fileID: 0}
  m_PrefabInternal: {fileID: 100100000}
  m_GameObject: {fileID: 100000}
  m_Enabled: 1
  m_EditorHideFlags: 0
  m_Script: {fileID: 0}
  m_Name: 
  m_EditorClassIdentifier: 
--- !u!114 &114320425233169414
MonoBehaviour:
  m_ObjectHideFlags: 1
  m_PrefabParentObject: {fileID: 0}
  m_PrefabInternal: {fileID: 100100000}
  m_GameObject: {fileID: 100000}
  m_Enabled: 1
  m_EditorHideFlags: 0
  m_Script: {fileID: 0}
  m_Name: 
  m_EditorClassIdentifier: 
  <healthChangeApplied>k__BackingField: 0
  <element>k__BackingField: 0
  <healthChange>k__BackingField: 0
--- !u!114 &114321583475164568
MonoBehaviour:
  m_ObjectHideFlags: 1
  m_PrefabParentObject: {fileID: 0}
  m_PrefabInternal: {fileID: 100100000}
  m_GameObject: {fileID: 100000}
  m_Enabled: 1
  m_EditorHideFlags: 0
  m_Script: {fileID: 0}
  m_Name: 
  m_EditorClassIdentifier: 
  <healthChangeApplied>k__BackingField: 0
  <element>k__BackingField: 0
  <healthChange>k__BackingField: 0
--- !u!114 &114344390110979468
MonoBehaviour:
  m_ObjectHideFlags: 1
  m_PrefabParentObject: {fileID: 0}
  m_PrefabInternal: {fileID: 100100000}
  m_GameObject: {fileID: 100000}
  m_Enabled: 1
  m_EditorHideFlags: 0
  m_Script: {fileID: 0}
  m_Name: 
  m_EditorClassIdentifier: 
--- !u!114 &114362915927074696
MonoBehaviour:
  m_ObjectHideFlags: 1
  m_PrefabParentObject: {fileID: 0}
  m_PrefabInternal: {fileID: 100100000}
  m_GameObject: {fileID: 100000}
  m_Enabled: 1
  m_EditorHideFlags: 0
  m_Script: {fileID: 0}
  m_Name: 
  m_EditorClassIdentifier: 
  <healthChangeApplied>k__BackingField: 0
  <element>k__BackingField: 0
  <healthChange>k__BackingField: 0
--- !u!114 &114495469548819404
MonoBehaviour:
  m_ObjectHideFlags: 1
  m_PrefabParentObject: {fileID: 0}
  m_PrefabInternal: {fileID: 100100000}
  m_GameObject: {fileID: 100000}
  m_Enabled: 1
  m_EditorHideFlags: 0
  m_Script: {fileID: 0}
  m_Name: 
  m_EditorClassIdentifier: 
--- !u!114 &114532047991767856
MonoBehaviour:
  m_ObjectHideFlags: 1
  m_PrefabParentObject: {fileID: 0}
  m_PrefabInternal: {fileID: 100100000}
  m_GameObject: {fileID: 100000}
  m_Enabled: 1
  m_EditorHideFlags: 0
  m_Script: {fileID: 0}
  m_Name: 
  m_EditorClassIdentifier: 
  <healthChangeApplied>k__BackingField: 0
  <element>k__BackingField: 0
  <healthChange>k__BackingField: 0
--- !u!114 &114557971590047832
MonoBehaviour:
  m_ObjectHideFlags: 1
  m_PrefabParentObject: {fileID: 0}
  m_PrefabInternal: {fileID: 100100000}
  m_GameObject: {fileID: 100000}
  m_Enabled: 1
  m_EditorHideFlags: 0
  m_Script: {fileID: 0}
  m_Name: 
  m_EditorClassIdentifier: 
  <healthChangeApplied>k__BackingField: 0
  <element>k__BackingField: 0
  <healthChange>k__BackingField: 0
--- !u!114 &114585149505265684
MonoBehaviour:
  m_ObjectHideFlags: 1
  m_PrefabParentObject: {fileID: 0}
  m_PrefabInternal: {fileID: 100100000}
  m_GameObject: {fileID: 100000}
  m_Enabled: 1
  m_EditorHideFlags: 0
  m_Script: {fileID: 0}
  m_Name: 
  m_EditorClassIdentifier: 
--- !u!114 &114653008679868698
MonoBehaviour:
  m_ObjectHideFlags: 1
  m_PrefabParentObject: {fileID: 0}
  m_PrefabInternal: {fileID: 100100000}
  m_GameObject: {fileID: 100000}
  m_Enabled: 1
  m_EditorHideFlags: 0
  m_Script: {fileID: 0}
  m_Name: 
  m_EditorClassIdentifier: 
  <healthChangeApplied>k__BackingField: 0
  <element>k__BackingField: 0
  <healthChange>k__BackingField: 0
--- !u!114 &114724657521118876
MonoBehaviour:
  m_ObjectHideFlags: 1
  m_PrefabParentObject: {fileID: 0}
  m_PrefabInternal: {fileID: 100100000}
  m_GameObject: {fileID: 100000}
  m_Enabled: 1
  m_EditorHideFlags: 0
  m_Script: {fileID: 0}
  m_Name: 
  m_EditorClassIdentifier: 
--- !u!114 &114731440960999222
MonoBehaviour:
  m_ObjectHideFlags: 1
  m_PrefabParentObject: {fileID: 0}
  m_PrefabInternal: {fileID: 100100000}
  m_GameObject: {fileID: 100000}
  m_Enabled: 1
  m_EditorHideFlags: 0
  m_Script: {fileID: 0}
  m_Name: 
  m_EditorClassIdentifier: 
--- !u!114 &114736859323654608
MonoBehaviour:
  m_ObjectHideFlags: 1
  m_PrefabParentObject: {fileID: 0}
  m_PrefabInternal: {fileID: 100100000}
  m_GameObject: {fileID: 100000}
  m_Enabled: 1
  m_EditorHideFlags: 0
  m_Script: {fileID: 0}
  m_Name: 
  m_EditorClassIdentifier: 
  <healthChangeApplied>k__BackingField: 0
  <element>k__BackingField: 0
  <healthChange>k__BackingField: 0
--- !u!114 &114791151108454416
MonoBehaviour:
  m_ObjectHideFlags: 1
  m_PrefabParentObject: {fileID: 0}
  m_PrefabInternal: {fileID: 100100000}
  m_GameObject: {fileID: 100000}
  m_Enabled: 1
  m_EditorHideFlags: 0
  m_Script: {fileID: -1768714887, guid: dc443db3e92b4983b9738c1131f555cb, type: 3}
  m_Name: 
  m_EditorClassIdentifier: 
  m_TransformSyncMode: 0
  m_SendInterval: 0
  m_SyncRotationAxis: 7
  m_RotationSyncCompression: 0
  m_SyncSpin: 0
  m_MovementTheshold: 0.001
  m_VelocityThreshold: 0.0001
  m_SnapThreshold: 5
  m_InterpolateRotation: 1
  m_InterpolateMovement: 1
--- !u!114 &114797081608828966
MonoBehaviour:
  m_ObjectHideFlags: 1
  m_PrefabParentObject: {fileID: 0}
  m_PrefabInternal: {fileID: 100100000}
  m_GameObject: {fileID: 100000}
  m_Enabled: 1
  m_EditorHideFlags: 0
  m_Script: {fileID: 0}
  m_Name: 
  m_EditorClassIdentifier: 
  <healthChangeApplied>k__BackingField: 0
  <element>k__BackingField: 0
  <healthChange>k__BackingField: 0
--- !u!114 &114824220154114676
MonoBehaviour:
  m_ObjectHideFlags: 1
  m_PrefabParentObject: {fileID: 0}
  m_PrefabInternal: {fileID: 100100000}
  m_GameObject: {fileID: 100000}
  m_Enabled: 1
  m_EditorHideFlags: 0
  m_Script: {fileID: 0}
  m_Name: 
  m_EditorClassIdentifier: 
  <healthChangeApplied>k__BackingField: 0
  <element>k__BackingField: 0
  <healthChange>k__BackingField: 0
--- !u!114 &114852918384251238
MonoBehaviour:
  m_ObjectHideFlags: 1
  m_PrefabParentObject: {fileID: 0}
  m_PrefabInternal: {fileID: 100100000}
  m_GameObject: {fileID: 100000}
  m_Enabled: 1
  m_EditorHideFlags: 0
  m_Script: {fileID: 0}
  m_Name: 
  m_EditorClassIdentifier: 
  <healthChangeApplied>k__BackingField: 0
  <element>k__BackingField: 0
  <healthChange>k__BackingField: 0
--- !u!114 &114856160533078490
MonoBehaviour:
  m_ObjectHideFlags: 1
  m_PrefabParentObject: {fileID: 0}
  m_PrefabInternal: {fileID: 100100000}
  m_GameObject: {fileID: 100000}
  m_Enabled: 1
  m_EditorHideFlags: 0
  m_Script: {fileID: 0}
  m_Name: 
  m_EditorClassIdentifier: 
  <healthChangeApplied>k__BackingField: 0
  <element>k__BackingField: 0
  <healthChange>k__BackingField: 0
--- !u!114 &114879459817512350
MonoBehaviour:
  m_ObjectHideFlags: 1
  m_PrefabParentObject: {fileID: 0}
  m_PrefabInternal: {fileID: 100100000}
  m_GameObject: {fileID: 100000}
  m_Enabled: 1
  m_EditorHideFlags: 0
  m_Script: {fileID: 0}
  m_Name: 
  m_EditorClassIdentifier: 
--- !u!114 &114890530434679770
MonoBehaviour:
  m_ObjectHideFlags: 1
  m_PrefabParentObject: {fileID: 0}
  m_PrefabInternal: {fileID: 100100000}
  m_GameObject: {fileID: 100000}
  m_Enabled: 1
  m_EditorHideFlags: 0
  m_Script: {fileID: 0}
  m_Name: 
  m_EditorClassIdentifier: 
  <healthChangeApplied>k__BackingField: 0
  <element>k__BackingField: 0
  <healthChange>k__BackingField: 0
--- !u!114 &114902054000192752
MonoBehaviour:
  m_ObjectHideFlags: 1
  m_PrefabParentObject: {fileID: 0}
  m_PrefabInternal: {fileID: 100100000}
  m_GameObject: {fileID: 100000}
  m_Enabled: 1
  m_EditorHideFlags: 0
  m_Script: {fileID: 0}
  m_Name: 
  m_EditorClassIdentifier: 
  <healthChangeApplied>k__BackingField: 0
  <element>k__BackingField: 0
  <healthChange>k__BackingField: 0
--- !u!114 &114925819163047236
MonoBehaviour:
  m_ObjectHideFlags: 1
  m_PrefabParentObject: {fileID: 0}
  m_PrefabInternal: {fileID: 100100000}
  m_GameObject: {fileID: 100000}
  m_Enabled: 1
  m_EditorHideFlags: 0
  m_Script: {fileID: 11500000, guid: 06c4f80766db31c49ab6e47e7e1ccdeb, type: 3}
  m_Name: 
  m_EditorClassIdentifier: 
  <damageApplied>k__BackingField: 0
  <element>k__BackingField: 0
  <damage>k__BackingField: 0
--- !u!114 &114939172177740806
MonoBehaviour:
  m_ObjectHideFlags: 1
  m_PrefabParentObject: {fileID: 0}
  m_PrefabInternal: {fileID: 100100000}
  m_GameObject: {fileID: 100000}
  m_Enabled: 1
  m_EditorHideFlags: 0
  m_Script: {fileID: 0}
  m_Name: 
  m_EditorClassIdentifier: 
  <healthChangeApplied>k__BackingField: 0
  <element>k__BackingField: 0
  <healthChange>k__BackingField: 0
--- !u!114 &114943510863891222
MonoBehaviour:
  m_ObjectHideFlags: 1
  m_PrefabParentObject: {fileID: 0}
  m_PrefabInternal: {fileID: 100100000}
  m_GameObject: {fileID: 100000}
  m_Enabled: 1
  m_EditorHideFlags: 0
  m_Script: {fileID: 0}
  m_Name: 
  m_EditorClassIdentifier: 
  <healthChangeApplied>k__BackingField: 0
  <element>k__BackingField: 0
  <healthChange>k__BackingField: 0
--- !u!114 &114958501892765378
MonoBehaviour:
  m_ObjectHideFlags: 1
  m_PrefabParentObject: {fileID: 0}
  m_PrefabInternal: {fileID: 100100000}
  m_GameObject: {fileID: 100000}
  m_Enabled: 1
  m_EditorHideFlags: 0
  m_Script: {fileID: 0}
  m_Name: 
  m_EditorClassIdentifier: 
--- !u!114 &114991995402790034
MonoBehaviour:
  m_ObjectHideFlags: 1
  m_PrefabParentObject: {fileID: 0}
  m_PrefabInternal: {fileID: 100100000}
  m_GameObject: {fileID: 100000}
  m_Enabled: 1
  m_EditorHideFlags: 0
  m_Script: {fileID: 372142912, guid: dc443db3e92b4983b9738c1131f555cb, type: 3}
  m_Name: 
  m_EditorClassIdentifier: 
  m_SceneId:
    m_Value: 0
  m_AssetId:
    i0: 9
    i1: 10
    i2: 111
    i3: 35
    i4: 12
    i5: 151
    i6: 250
    i7: 196
    i8: 105
    i9: 69
    i10: 6
    i11: 133
    i12: 18
    i13: 137
    i14: 227
    i15: 170
  m_ServerOnly: 0
  m_LocalPlayerAuthority: 0
