%YAML 1.1
%TAG !u! tag:unity3d.com,2011:
--- !u!1 &100000
GameObject:
  m_ObjectHideFlags: 0
  m_PrefabParentObject: {fileID: 0}
  m_PrefabInternal: {fileID: 100100000}
  serializedVersion: 5
  m_Component:
  - component: {fileID: 400000}
  - component: {fileID: 3300000}
  - component: {fileID: 13500000}
  - component: {fileID: 5400000}
  - component: {fileID: 11491332}
  - component: {fileID: 114444585260161810}
  - component: {fileID: 114260783397087952}
  - component: {fileID: 114939987573303672}
  m_Layer: 0
  m_Name: FrostTinyObj
  m_TagString: Untagged
  m_Icon: {fileID: 0}
  m_NavMeshLayer: 0
  m_StaticEditorFlags: 0
  m_IsActive: 1
--- !u!4 &400000
Transform:
  m_ObjectHideFlags: 1
  m_PrefabParentObject: {fileID: 0}
  m_PrefabInternal: {fileID: 100100000}
  m_GameObject: {fileID: 100000}
  m_LocalRotation: {x: 0, y: 0, z: 0, w: 1}
  m_LocalPosition: {x: 4.4596477, y: 0.16517867, z: 4.162469}
  m_LocalScale: {x: 0.33036035, y: 0.33036035, z: 0.33036035}
  m_Children: []
  m_Father: {fileID: 0}
  m_RootOrder: 0
  m_LocalEulerAnglesHint: {x: 0, y: 0, z: 0}
--- !u!33 &3300000
MeshFilter:
  m_ObjectHideFlags: 1
  m_PrefabParentObject: {fileID: 0}
  m_PrefabInternal: {fileID: 100100000}
  m_GameObject: {fileID: 100000}
  m_Mesh: {fileID: 10207, guid: 0000000000000000e000000000000000, type: 0}
--- !u!54 &5400000
Rigidbody:
  m_ObjectHideFlags: 1
  m_PrefabParentObject: {fileID: 0}
  m_PrefabInternal: {fileID: 100100000}
  m_GameObject: {fileID: 100000}
  serializedVersion: 2
  m_Mass: 1
  m_Drag: 0
  m_AngularDrag: 0.05
  m_UseGravity: 0
  m_IsKinematic: 0
  m_Interpolate: 0
  m_Constraints: 0
  m_CollisionDetection: 0
--- !u!114 &11491332
MonoBehaviour:
  m_ObjectHideFlags: 1
  m_PrefabParentObject: {fileID: 0}
  m_PrefabInternal: {fileID: 100100000}
  m_GameObject: {fileID: 100000}
  m_Enabled: 1
  m_EditorHideFlags: 0
  m_Script: {fileID: 11500000, guid: c49efb715a1395643b158a8846980bcd, type: 3}
  m_Name: 
  m_EditorClassIdentifier: 
  impactParticle: {fileID: 171178, guid: 4e845b2a2f67c424d95d2f46ec589f9f, type: 2}
  projectileParticle: {fileID: 154534, guid: 5535b349e6ff989468a2e66903f14be3, type: 2}
  muzzleParticle: {fileID: 0}
  trailParticles: []
  impactNormal: {x: 0, y: 0, z: 0}
--- !u!135 &13500000
SphereCollider:
  m_ObjectHideFlags: 1
  m_PrefabParentObject: {fileID: 0}
  m_PrefabInternal: {fileID: 100100000}
  m_GameObject: {fileID: 100000}
  m_Material: {fileID: 0}
  m_IsTrigger: 0
  m_Enabled: 1
  serializedVersion: 2
  m_Radius: 1.5
  m_Center: {x: 0, y: 0, z: 0}
--- !u!1001 &100100000
Prefab:
  m_ObjectHideFlags: 1
  serializedVersion: 2
  m_Modification:
    m_TransformParent: {fileID: 0}
    m_Modifications:
    - target: {fileID: 0}
      propertyPath: trailParticles.Array.size
      value: 1
      objectReference: {fileID: 0}
    - target: {fileID: 0}
      propertyPath: projectileParticle
      value: 
      objectReference: {fileID: 154534, guid: 5535b349e6ff989468a2e66903f14be3, type: 2}
    - target: {fileID: 0}
      propertyPath: trailParticles.Array.data[0]
      value: 
      objectReference: {fileID: 174728, guid: 5535b349e6ff989468a2e66903f14be3, type: 2}
    - target: {fileID: 0}
      propertyPath: trailParticles.Array.data[1]
      value: 
      objectReference: {fileID: 100002, guid: e08544da84c22f444b58b5d10dac497a, type: 2}
    - target: {fileID: 0}
      propertyPath: trailParticles.Array.data[2]
      value: 
      objectReference: {fileID: 100004, guid: e08544da84c22f444b58b5d10dac497a, type: 2}
    - target: {fileID: 0}
      propertyPath: impactParticle
      value: 
      objectReference: {fileID: 171178, guid: 4e845b2a2f67c424d95d2f46ec589f9f, type: 2}
    m_RemovedComponents: []
  m_ParentPrefab: {fileID: 0}
  m_RootGameObject: {fileID: 100000}
  m_IsPrefabParent: 1
--- !u!114 &114260783397087952
MonoBehaviour:
  m_ObjectHideFlags: 1
  m_PrefabParentObject: {fileID: 0}
  m_PrefabInternal: {fileID: 100100000}
  m_GameObject: {fileID: 100000}
  m_Enabled: 1
  m_EditorHideFlags: 0
  m_Script: {fileID: -1768714887, guid: dc443db3e92b4983b9738c1131f555cb, type: 3}
  m_Name: 
  m_EditorClassIdentifier: 
  m_TransformSyncMode: 3
  m_SendInterval: 0
  m_SyncRotationAxis: 7
  m_RotationSyncCompression: 0
  m_SyncSpin: 0
  m_MovementTheshold: 0.001
  m_VelocityThreshold: 0.0001
  m_SnapThreshold: 5
  m_InterpolateRotation: 1
  m_InterpolateMovement: 1
--- !u!114 &114444585260161810
MonoBehaviour:
  m_ObjectHideFlags: 1
  m_PrefabParentObject: {fileID: 0}
  m_PrefabInternal: {fileID: 100100000}
  m_GameObject: {fileID: 100000}
  m_Enabled: 1
  m_EditorHideFlags: 0
  m_Script: {fileID: 372142912, guid: dc443db3e92b4983b9738c1131f555cb, type: 3}
  m_Name: 
  m_EditorClassIdentifier: 
  m_SceneId:
    m_Value: 0
  m_AssetId:
    i0: 125
    i1: 97
    i2: 253
    i3: 207
    i4: 162
    i5: 212
    i6: 44
    i7: 36
    i8: 216
    i9: 60
    i10: 124
    i11: 53
    i12: 166
    i13: 196
    i14: 46
    i15: 128
  m_ServerOnly: 0
  m_LocalPlayerAuthority: 0
--- !u!114 &114939987573303672
MonoBehaviour:
  m_ObjectHideFlags: 1
  m_PrefabParentObject: {fileID: 0}
  m_PrefabInternal: {fileID: 100100000}
  m_GameObject: {fileID: 100000}
  m_Enabled: 1
  m_EditorHideFlags: 0
  m_Script: {fileID: 11500000, guid: 06c4f80766db31c49ab6e47e7e1ccdeb, type: 3}
  m_Name: 
  m_EditorClassIdentifier: 
