%YAML 1.1
%TAG !u! tag:unity3d.com,2011:
--- !u!29 &1
OcclusionCullingSettings:
  m_ObjectHideFlags: 0
  serializedVersion: 2
  m_OcclusionBakeSettings:
    smallestOccluder: 5
    smallestHole: 0.25
    backfaceThreshold: 100
  m_SceneGUID: 00000000000000000000000000000000
  m_OcclusionCullingData: {fileID: 0}
--- !u!104 &2
RenderSettings:
  m_ObjectHideFlags: 0
  serializedVersion: 8
  m_Fog: 0
  m_FogColor: {r: 0.58431375, g: 0.85490197, b: 0.90588236, a: 1}
  m_FogMode: 2
  m_FogDensity: 0.0005
  m_LinearFogStart: 100
  m_LinearFogEnd: 300
  m_AmbientSkyColor: {r: 0.28235295, g: 0.30588236, b: 0.30980393, a: 1}
  m_AmbientEquatorColor: {r: 0.114, g: 0.125, b: 0.133, a: 1}
  m_AmbientGroundColor: {r: 0.047, g: 0.043, b: 0.035, a: 1}
  m_AmbientIntensity: 1
  m_AmbientMode: 3
  m_SubtractiveShadowColor: {r: 0.42, g: 0.478, b: 0.627, a: 1}
  m_SkyboxMaterial: {fileID: 2100000, guid: 595370cf0a5494b42a24e66b3d27208b, type: 2}
  m_HaloStrength: 0.5
  m_FlareStrength: 1
  m_FlareFadeSpeed: 3
  m_HaloTexture: {fileID: 0}
  m_SpotCookie: {fileID: 10001, guid: 0000000000000000e000000000000000, type: 0}
  m_DefaultReflectionMode: 0
  m_DefaultReflectionResolution: 128
  m_ReflectionBounces: 1
  m_ReflectionIntensity: 1
  m_CustomReflection: {fileID: 0}
  m_Sun: {fileID: 0}
  m_IndirectSpecularColor: {r: 0.22525585, g: 0.32860476, b: 0.42721373, a: 1}
--- !u!157 &3
LightmapSettings:
  m_ObjectHideFlags: 0
  serializedVersion: 9
  m_GIWorkflowMode: 1
  m_GISettings:
    serializedVersion: 2
    m_BounceScale: 1
    m_IndirectOutputScale: 1
    m_AlbedoBoost: 1
    m_TemporalCoherenceThreshold: 1
    m_EnvironmentLightingMode: 0
    m_EnableBakedLightmaps: 1
    m_EnableRealtimeLightmaps: 1
  m_LightmapEditorSettings:
    serializedVersion: 8
    m_Resolution: 2
    m_BakeResolution: 40
    m_TextureWidth: 1024
    m_TextureHeight: 1024
    m_AO: 0
    m_AOMaxDistance: 1
    m_CompAOExponent: 1
    m_CompAOExponentDirect: 0
    m_Padding: 2
    m_LightmapParameters: {fileID: 0}
    m_LightmapsBakeMode: 1
    m_TextureCompression: 1
    m_FinalGather: 0
    m_FinalGatherFiltering: 1
    m_FinalGatherRayCount: 256
    m_ReflectionCompression: 2
    m_MixedBakeMode: 3
    m_BakeBackend: 0
    m_PVRSampling: 1
    m_PVRDirectSampleCount: 32
    m_PVRSampleCount: 500
    m_PVRBounces: 2
    m_PVRFiltering: 0
    m_PVRFilteringMode: 1
    m_PVRCulling: 1
    m_PVRFilteringGaussRadiusDirect: 1
    m_PVRFilteringGaussRadiusIndirect: 5
    m_PVRFilteringGaussRadiusAO: 2
    m_PVRFilteringAtrousColorSigma: 1
    m_PVRFilteringAtrousNormalSigma: 1
    m_PVRFilteringAtrousPositionSigma: 1
  m_LightingDataAsset: {fileID: 112000002, guid: 8dcd7786cfd10a443b44e94dd23a925a,
    type: 2}
  m_ShadowMaskMode: 2
--- !u!196 &4
NavMeshSettings:
  serializedVersion: 2
  m_ObjectHideFlags: 0
  m_BuildSettings:
    serializedVersion: 2
    agentTypeID: 0
    agentRadius: 0.5
    agentHeight: 2
    agentSlope: 45
    agentClimb: 0.4
    ledgeDropHeight: 0
    maxJumpAcrossDistance: 0
    minRegionArea: 2
    manualCellSize: 0
    cellSize: 0.16666667
    manualTileSize: 0
    tileSize: 256
    accuratePlacement: 0
  m_NavMeshData: {fileID: 0}
--- !u!1001 &38323720
Prefab:
  m_ObjectHideFlags: 0
  serializedVersion: 2
  m_Modification:
    m_TransformParent: {fileID: 301437394}
    m_Modifications:
    - target: {fileID: 456886, guid: ce82d0f0795a5a34cbac1895e61857ef, type: 2}
      propertyPath: m_LocalPosition.x
      value: 164.33
      objectReference: {fileID: 0}
    - target: {fileID: 456886, guid: ce82d0f0795a5a34cbac1895e61857ef, type: 2}
      propertyPath: m_LocalPosition.y
      value: 52.92315
      objectReference: {fileID: 0}
    - target: {fileID: 456886, guid: ce82d0f0795a5a34cbac1895e61857ef, type: 2}
      propertyPath: m_LocalPosition.z
      value: -184.86
      objectReference: {fileID: 0}
    - target: {fileID: 456886, guid: ce82d0f0795a5a34cbac1895e61857ef, type: 2}
      propertyPath: m_LocalRotation.x
      value: -0
      objectReference: {fileID: 0}
    - target: {fileID: 456886, guid: ce82d0f0795a5a34cbac1895e61857ef, type: 2}
      propertyPath: m_LocalRotation.y
      value: 0.29522485
      objectReference: {fileID: 0}
    - target: {fileID: 456886, guid: ce82d0f0795a5a34cbac1895e61857ef, type: 2}
      propertyPath: m_LocalRotation.z
      value: -0
      objectReference: {fileID: 0}
    - target: {fileID: 456886, guid: ce82d0f0795a5a34cbac1895e61857ef, type: 2}
      propertyPath: m_LocalRotation.w
      value: 0.9554278
      objectReference: {fileID: 0}
    - target: {fileID: 456886, guid: ce82d0f0795a5a34cbac1895e61857ef, type: 2}
      propertyPath: m_RootOrder
      value: 4
      objectReference: {fileID: 0}
    - target: {fileID: 456886, guid: ce82d0f0795a5a34cbac1895e61857ef, type: 2}
      propertyPath: m_LocalEulerAnglesHint.y
      value: 34.342003
      objectReference: {fileID: 0}
    - target: {fileID: 456886, guid: ce82d0f0795a5a34cbac1895e61857ef, type: 2}
      propertyPath: m_LocalScale.x
      value: 1
      objectReference: {fileID: 0}
    - target: {fileID: 456886, guid: ce82d0f0795a5a34cbac1895e61857ef, type: 2}
      propertyPath: m_LocalScale.y
      value: 1
      objectReference: {fileID: 0}
    - target: {fileID: 456886, guid: ce82d0f0795a5a34cbac1895e61857ef, type: 2}
      propertyPath: m_LocalScale.z
      value: 1
      objectReference: {fileID: 0}
    m_RemovedComponents: []
  m_ParentPrefab: {fileID: 100100000, guid: ce82d0f0795a5a34cbac1895e61857ef, type: 2}
  m_IsPrefabParent: 0
--- !u!4 &38323721 stripped
Transform:
  m_PrefabParentObject: {fileID: 456886, guid: ce82d0f0795a5a34cbac1895e61857ef, type: 2}
  m_PrefabInternal: {fileID: 38323720}
--- !u!1001 &100498733
Prefab:
  m_ObjectHideFlags: 0
  serializedVersion: 2
  m_Modification:
    m_TransformParent: {fileID: 301437394}
    m_Modifications:
    - target: {fileID: 434470, guid: 1263cf83c2220b54e96926b1d322ef31, type: 2}
      propertyPath: m_LocalPosition.x
      value: 153.12608
      objectReference: {fileID: 0}
    - target: {fileID: 434470, guid: 1263cf83c2220b54e96926b1d322ef31, type: 2}
      propertyPath: m_LocalPosition.y
      value: 97.92371
      objectReference: {fileID: 0}
    - target: {fileID: 434470, guid: 1263cf83c2220b54e96926b1d322ef31, type: 2}
      propertyPath: m_LocalPosition.z
      value: -163.30626
      objectReference: {fileID: 0}
    - target: {fileID: 434470, guid: 1263cf83c2220b54e96926b1d322ef31, type: 2}
      propertyPath: m_LocalRotation.x
      value: -0
      objectReference: {fileID: 0}
    - target: {fileID: 434470, guid: 1263cf83c2220b54e96926b1d322ef31, type: 2}
      propertyPath: m_LocalRotation.y
      value: -0.68461937
      objectReference: {fileID: 0}
    - target: {fileID: 434470, guid: 1263cf83c2220b54e96926b1d322ef31, type: 2}
      propertyPath: m_LocalRotation.z
      value: -0
      objectReference: {fileID: 0}
    - target: {fileID: 434470, guid: 1263cf83c2220b54e96926b1d322ef31, type: 2}
      propertyPath: m_LocalRotation.w
      value: 0.72890085
      objectReference: {fileID: 0}
    - target: {fileID: 434470, guid: 1263cf83c2220b54e96926b1d322ef31, type: 2}
      propertyPath: m_RootOrder
      value: 2
      objectReference: {fileID: 0}
    - target: {fileID: 434470, guid: 1263cf83c2220b54e96926b1d322ef31, type: 2}
      propertyPath: m_LocalEulerAnglesHint.y
      value: -90.159004
      objectReference: {fileID: 0}
    - target: {fileID: 434470, guid: 1263cf83c2220b54e96926b1d322ef31, type: 2}
      propertyPath: m_LocalScale.x
      value: 1.0916902
      objectReference: {fileID: 0}
    - target: {fileID: 434470, guid: 1263cf83c2220b54e96926b1d322ef31, type: 2}
      propertyPath: m_LocalScale.y
      value: 1.09169
      objectReference: {fileID: 0}
    - target: {fileID: 434470, guid: 1263cf83c2220b54e96926b1d322ef31, type: 2}
      propertyPath: m_LocalScale.z
      value: 1.0916913
      objectReference: {fileID: 0}
    - target: {fileID: 139064, guid: 1263cf83c2220b54e96926b1d322ef31, type: 2}
      propertyPath: m_Name
      value: Window_1A (1)
      objectReference: {fileID: 0}
    m_RemovedComponents: []
  m_ParentPrefab: {fileID: 100100000, guid: 1263cf83c2220b54e96926b1d322ef31, type: 2}
  m_IsPrefabParent: 0
--- !u!4 &100498734 stripped
Transform:
  m_PrefabParentObject: {fileID: 434470, guid: 1263cf83c2220b54e96926b1d322ef31, type: 2}
  m_PrefabInternal: {fileID: 100498733}
--- !u!1 &162693007
GameObject:
  m_ObjectHideFlags: 0
  m_PrefabParentObject: {fileID: 0}
  m_PrefabInternal: {fileID: 0}
  serializedVersion: 5
  m_Component:
  - component: {fileID: 162693008}
  m_Layer: 0
  m_Name: Gaia Environment
  m_TagString: Untagged
  m_Icon: {fileID: 0}
  m_NavMeshLayer: 0
  m_StaticEditorFlags: 0
  m_IsActive: 1
--- !u!4 &162693008
Transform:
  m_ObjectHideFlags: 0
  m_PrefabParentObject: {fileID: 0}
  m_PrefabInternal: {fileID: 0}
  m_GameObject: {fileID: 162693007}
  m_LocalRotation: {x: 0, y: 0, z: 0, w: 1}
  m_LocalPosition: {x: 0, y: 0, z: 0}
  m_LocalScale: {x: 1, y: 1, z: 1}
  m_Children:
  - {fileID: 743404773}
  - {fileID: 558735062}
  - {fileID: 2099114648}
  - {fileID: 1448120330}
  m_Father: {fileID: 0}
  m_RootOrder: 4
  m_LocalEulerAnglesHint: {x: 0, y: 0, z: 0}
--- !u!1 &301437393
GameObject:
  m_ObjectHideFlags: 0
  m_PrefabParentObject: {fileID: 0}
  m_PrefabInternal: {fileID: 0}
  serializedVersion: 5
  m_Component:
  - component: {fileID: 301437394}
  m_Layer: 0
  m_Name: Buildings
  m_TagString: Untagged
  m_Icon: {fileID: 0}
  m_NavMeshLayer: 0
  m_StaticEditorFlags: 0
  m_IsActive: 1
--- !u!4 &301437394
Transform:
  m_ObjectHideFlags: 0
  m_PrefabParentObject: {fileID: 0}
  m_PrefabInternal: {fileID: 0}
  m_GameObject: {fileID: 301437393}
  m_LocalRotation: {x: 0, y: 0, z: 0, w: 1}
  m_LocalPosition: {x: 0, y: 0, z: 0}
  m_LocalScale: {x: 1, y: 1, z: 1}
  m_Children:
  - {fileID: 411642630}
  - {fileID: 1547034126}
  - {fileID: 100498734}
  - {fileID: 365135516}
  - {fileID: 38323721}
  - {fileID: 2068077230}
  - {fileID: 819203914}
  - {fileID: 1954315287}
  - {fileID: 2013281964}
  - {fileID: 1812475859}
  - {fileID: 1169376498}
  - {fileID: 1650495204}
  m_Father: {fileID: 0}
  m_RootOrder: 6
  m_LocalEulerAnglesHint: {x: 0, y: 0, z: 0}
--- !u!1001 &365135515
Prefab:
  m_ObjectHideFlags: 0
  serializedVersion: 2
  m_Modification:
    m_TransformParent: {fileID: 301437394}
    m_Modifications:
    - target: {fileID: 434470, guid: 1263cf83c2220b54e96926b1d322ef31, type: 2}
      propertyPath: m_LocalPosition.x
      value: 160.9488
      objectReference: {fileID: 0}
    - target: {fileID: 434470, guid: 1263cf83c2220b54e96926b1d322ef31, type: 2}
      propertyPath: m_LocalPosition.y
      value: 97.92371
      objectReference: {fileID: 0}
    - target: {fileID: 434470, guid: 1263cf83c2220b54e96926b1d322ef31, type: 2}
      propertyPath: m_LocalPosition.z
      value: -166.8906
      objectReference: {fileID: 0}
    - target: {fileID: 434470, guid: 1263cf83c2220b54e96926b1d322ef31, type: 2}
      propertyPath: m_LocalRotation.x
      value: -0
      objectReference: {fileID: 0}
    - target: {fileID: 434470, guid: 1263cf83c2220b54e96926b1d322ef31, type: 2}
      propertyPath: m_LocalRotation.y
      value: -0.3567194
      objectReference: {fileID: 0}
    - target: {fileID: 434470, guid: 1263cf83c2220b54e96926b1d322ef31, type: 2}
      propertyPath: m_LocalRotation.z
      value: -0
      objectReference: {fileID: 0}
    - target: {fileID: 434470, guid: 1263cf83c2220b54e96926b1d322ef31, type: 2}
      propertyPath: m_LocalRotation.w
      value: 0.9342116
      objectReference: {fileID: 0}
    - target: {fileID: 434470, guid: 1263cf83c2220b54e96926b1d322ef31, type: 2}
      propertyPath: m_RootOrder
      value: 3
      objectReference: {fileID: 0}
    - target: {fileID: 434470, guid: 1263cf83c2220b54e96926b1d322ef31, type: 2}
      propertyPath: m_LocalEulerAnglesHint.y
      value: -45.545002
      objectReference: {fileID: 0}
    - target: {fileID: 434470, guid: 1263cf83c2220b54e96926b1d322ef31, type: 2}
      propertyPath: m_LocalScale.x
      value: 1.0916913
      objectReference: {fileID: 0}
    - target: {fileID: 434470, guid: 1263cf83c2220b54e96926b1d322ef31, type: 2}
      propertyPath: m_LocalScale.y
      value: 1.09169
      objectReference: {fileID: 0}
    - target: {fileID: 434470, guid: 1263cf83c2220b54e96926b1d322ef31, type: 2}
      propertyPath: m_LocalScale.z
      value: 1.0916905
      objectReference: {fileID: 0}
    - target: {fileID: 139064, guid: 1263cf83c2220b54e96926b1d322ef31, type: 2}
      propertyPath: m_Name
      value: Window_1A (2)
      objectReference: {fileID: 0}
    m_RemovedComponents: []
  m_ParentPrefab: {fileID: 100100000, guid: 1263cf83c2220b54e96926b1d322ef31, type: 2}
  m_IsPrefabParent: 0
--- !u!4 &365135516 stripped
Transform:
  m_PrefabParentObject: {fileID: 434470, guid: 1263cf83c2220b54e96926b1d322ef31, type: 2}
  m_PrefabInternal: {fileID: 365135515}
--- !u!1001 &411642629
Prefab:
  m_ObjectHideFlags: 0
  serializedVersion: 2
  m_Modification:
    m_TransformParent: {fileID: 301437394}
    m_Modifications:
    - target: {fileID: 403740, guid: 6ed18c4b7ea1dea4da1d56b0a0bbf811, type: 2}
      propertyPath: m_LocalPosition.x
      value: 152.5
      objectReference: {fileID: 0}
    - target: {fileID: 403740, guid: 6ed18c4b7ea1dea4da1d56b0a0bbf811, type: 2}
      propertyPath: m_LocalPosition.y
      value: 84.4
      objectReference: {fileID: 0}
    - target: {fileID: 403740, guid: 6ed18c4b7ea1dea4da1d56b0a0bbf811, type: 2}
      propertyPath: m_LocalPosition.z
      value: -174.5
      objectReference: {fileID: 0}
    - target: {fileID: 403740, guid: 6ed18c4b7ea1dea4da1d56b0a0bbf811, type: 2}
      propertyPath: m_LocalRotation.x
      value: -0
      objectReference: {fileID: 0}
    - target: {fileID: 403740, guid: 6ed18c4b7ea1dea4da1d56b0a0bbf811, type: 2}
      propertyPath: m_LocalRotation.y
      value: 0.032697886
      objectReference: {fileID: 0}
    - target: {fileID: 403740, guid: 6ed18c4b7ea1dea4da1d56b0a0bbf811, type: 2}
      propertyPath: m_LocalRotation.z
      value: -0
      objectReference: {fileID: 0}
    - target: {fileID: 403740, guid: 6ed18c4b7ea1dea4da1d56b0a0bbf811, type: 2}
      propertyPath: m_LocalRotation.w
      value: 0.99946535
      objectReference: {fileID: 0}
    - target: {fileID: 403740, guid: 6ed18c4b7ea1dea4da1d56b0a0bbf811, type: 2}
      propertyPath: m_RootOrder
      value: 0
      objectReference: {fileID: 0}
    - target: {fileID: 403740, guid: 6ed18c4b7ea1dea4da1d56b0a0bbf811, type: 2}
      propertyPath: m_LocalEulerAnglesHint.y
      value: 3.7480001
      objectReference: {fileID: 0}
    - target: {fileID: 403740, guid: 6ed18c4b7ea1dea4da1d56b0a0bbf811, type: 2}
      propertyPath: m_LocalScale.x
      value: 1.8116888
      objectReference: {fileID: 0}
    - target: {fileID: 403740, guid: 6ed18c4b7ea1dea4da1d56b0a0bbf811, type: 2}
      propertyPath: m_LocalScale.y
      value: 1.8116882
      objectReference: {fileID: 0}
    - target: {fileID: 403740, guid: 6ed18c4b7ea1dea4da1d56b0a0bbf811, type: 2}
      propertyPath: m_LocalScale.z
      value: 1.811688
      objectReference: {fileID: 0}
    m_RemovedComponents: []
  m_ParentPrefab: {fileID: 100100000, guid: 6ed18c4b7ea1dea4da1d56b0a0bbf811, type: 2}
  m_IsPrefabParent: 0
--- !u!4 &411642630 stripped
Transform:
  m_PrefabParentObject: {fileID: 403740, guid: 6ed18c4b7ea1dea4da1d56b0a0bbf811, type: 2}
  m_PrefabInternal: {fileID: 411642629}
--- !u!1 &558735061
GameObject:
  m_ObjectHideFlags: 0
  m_PrefabParentObject: {fileID: 0}
  m_PrefabInternal: {fileID: 0}
  serializedVersion: 5
  m_Component:
  - component: {fileID: 558735062}
  - component: {fileID: 558735063}
  m_Layer: 0
  m_Name: Wind Zone
  m_TagString: Untagged
  m_Icon: {fileID: 0}
  m_NavMeshLayer: 0
  m_StaticEditorFlags: 0
  m_IsActive: 1
--- !u!4 &558735062
Transform:
  m_ObjectHideFlags: 0
  m_PrefabParentObject: {fileID: 0}
  m_PrefabInternal: {fileID: 0}
  m_GameObject: {fileID: 558735061}
  m_LocalRotation: {x: -0, y: -0, z: -0, w: 1}
  m_LocalPosition: {x: 0, y: 500, z: 0}
  m_LocalScale: {x: 1, y: 1, z: 1}
  m_Children: []
  m_Father: {fileID: 162693008}
  m_RootOrder: 1
  m_LocalEulerAnglesHint: {x: 0, y: 0, z: 0}
--- !u!182 &558735063
WindZone:
  m_ObjectHideFlags: 0
  m_PrefabParentObject: {fileID: 0}
  m_PrefabInternal: {fileID: 0}
  m_GameObject: {fileID: 558735061}
  m_Enabled: 1
  m_Mode: 0
  m_Radius: 20
  m_WindMain: 0.2
  m_WindTurbulence: 0.2
  m_WindPulseMagnitude: 0.2
  m_WindPulseFrequency: 0.01
--- !u!1001 &649572781
Prefab:
  m_ObjectHideFlags: 0
  serializedVersion: 2
  m_Modification:
    m_TransformParent: {fileID: 301437394}
    m_Modifications:
    - target: {fileID: 429292, guid: 1937fa847db424a41b159fbc130bca65, type: 2}
      propertyPath: m_LocalPosition.x
      value: 160.093
      objectReference: {fileID: 0}
    - target: {fileID: 429292, guid: 1937fa847db424a41b159fbc130bca65, type: 2}
      propertyPath: m_LocalPosition.y
      value: 54.48
      objectReference: {fileID: 0}
    - target: {fileID: 429292, guid: 1937fa847db424a41b159fbc130bca65, type: 2}
      propertyPath: m_LocalPosition.z
      value: -168.106
      objectReference: {fileID: 0}
    - target: {fileID: 429292, guid: 1937fa847db424a41b159fbc130bca65, type: 2}
      propertyPath: m_LocalRotation.x
      value: -0
      objectReference: {fileID: 0}
    - target: {fileID: 429292, guid: 1937fa847db424a41b159fbc130bca65, type: 2}
      propertyPath: m_LocalRotation.y
      value: -0.35246137
      objectReference: {fileID: 0}
    - target: {fileID: 429292, guid: 1937fa847db424a41b159fbc130bca65, type: 2}
      propertyPath: m_LocalRotation.z
      value: -0
      objectReference: {fileID: 0}
    - target: {fileID: 429292, guid: 1937fa847db424a41b159fbc130bca65, type: 2}
      propertyPath: m_LocalRotation.w
      value: 0.93582636
      objectReference: {fileID: 0}
    - target: {fileID: 429292, guid: 1937fa847db424a41b159fbc130bca65, type: 2}
      propertyPath: m_RootOrder
      value: 10
      objectReference: {fileID: 0}
    - target: {fileID: 429292, guid: 1937fa847db424a41b159fbc130bca65, type: 2}
      propertyPath: m_LocalEulerAnglesHint.y
      value: -41.276
      objectReference: {fileID: 0}
    - target: {fileID: 429292, guid: 1937fa847db424a41b159fbc130bca65, type: 2}
      propertyPath: m_LocalScale.x
      value: 1.5230215
      objectReference: {fileID: 0}
    - target: {fileID: 429292, guid: 1937fa847db424a41b159fbc130bca65, type: 2}
      propertyPath: m_LocalScale.y
      value: 1.5230217
      objectReference: {fileID: 0}
    - target: {fileID: 429292, guid: 1937fa847db424a41b159fbc130bca65, type: 2}
      propertyPath: m_LocalScale.z
      value: 1.5230217
      objectReference: {fileID: 0}
    m_RemovedComponents: []
  m_ParentPrefab: {fileID: 100100000, guid: 1937fa847db424a41b159fbc130bca65, type: 2}
  m_IsPrefabParent: 0
--- !u!1 &693649479
GameObject:
  m_ObjectHideFlags: 0
  m_PrefabParentObject: {fileID: 0}
  m_PrefabInternal: {fileID: 0}
  serializedVersion: 5
  m_Component:
  - component: {fileID: 693649480}
  - component: {fileID: 693649483}
  - component: {fileID: 693649482}
  - component: {fileID: 693649481}
  m_Layer: 4
  m_Name: Tile
  m_TagString: Untagged
  m_Icon: {fileID: 0}
  m_NavMeshLayer: 0
  m_StaticEditorFlags: 0
  m_IsActive: 1
--- !u!4 &693649480
Transform:
  m_ObjectHideFlags: 0
  m_PrefabParentObject: {fileID: 0}
  m_PrefabInternal: {fileID: 0}
  m_GameObject: {fileID: 693649479}
  m_LocalRotation: {x: 0, y: 0, z: 0, w: 1}
  m_LocalPosition: {x: -25, y: 0, z: 25}
  m_LocalScale: {x: 0.5, y: 0.5, z: 0.5}
  m_Children: []
  m_Father: {fileID: 2099114648}
  m_RootOrder: 1
  m_LocalEulerAnglesHint: {x: 0, y: 0, z: 0}
--- !u!114 &693649481
MonoBehaviour:
  m_ObjectHideFlags: 0
  m_PrefabParentObject: {fileID: 0}
  m_PrefabInternal: {fileID: 0}
  m_GameObject: {fileID: 693649479}
  m_Enabled: 1
  m_EditorHideFlags: 0
  m_Script: {fileID: 11500000, guid: 2a91e8dd37cdd41efb4859b65aced7a2, type: 3}
  m_Name: 
  m_EditorClassIdentifier: 
  reflection: {fileID: 0}
  waterBase: {fileID: 2099114649}
--- !u!23 &693649482
MeshRenderer:
  m_ObjectHideFlags: 0
  m_PrefabParentObject: {fileID: 0}
  m_PrefabInternal: {fileID: 0}
  m_GameObject: {fileID: 693649479}
  m_Enabled: 1
  m_CastShadows: 0
  m_ReceiveShadows: 0
  m_MotionVectors: 1
  m_LightProbeUsage: 1
  m_ReflectionProbeUsage: 1
  m_Materials:
  - {fileID: 2100000, guid: a5f2339f242f6cc41a982ec55ea3c201, type: 2}
  m_StaticBatchInfo:
    firstSubMesh: 0
    subMeshCount: 0
  m_StaticBatchRoot: {fileID: 0}
  m_ProbeAnchor: {fileID: 0}
  m_LightProbeVolumeOverride: {fileID: 0}
  m_ScaleInLightmap: 1
  m_PreserveUVs: 0
  m_IgnoreNormalsForChartDetection: 0
  m_ImportantGI: 0
  m_SelectedEditorRenderState: 3
  m_MinimumChartSize: 4
  m_AutoUVMaxDistance: 0.5
  m_AutoUVMaxAngle: 89
  m_LightmapParameters: {fileID: 0}
  m_SortingLayerID: 0
  m_SortingLayer: 0
  m_SortingOrder: 0
--- !u!33 &693649483
MeshFilter:
  m_ObjectHideFlags: 0
  m_PrefabParentObject: {fileID: 0}
  m_PrefabInternal: {fileID: 0}
  m_GameObject: {fileID: 693649479}
  m_Mesh: {fileID: 4300002, guid: 681e41ee1260343b395ca58745c94870, type: 3}
--- !u!1 &743404772
GameObject:
  m_ObjectHideFlags: 0
  m_PrefabParentObject: {fileID: 0}
  m_PrefabInternal: {fileID: 0}
  serializedVersion: 5
  m_Component:
  - component: {fileID: 743404773}
  - component: {fileID: 743404775}
  - component: {fileID: 743404774}
  - component: {fileID: 743404776}
  m_Layer: 0
  m_Name: Terrain_0_0-20170617-112357
  m_TagString: Untagged
  m_Icon: {fileID: 0}
  m_NavMeshLayer: 0
  m_StaticEditorFlags: 4294967295
  m_IsActive: 1
--- !u!4 &743404773
Transform:
  m_ObjectHideFlags: 0
  m_PrefabParentObject: {fileID: 0}
  m_PrefabInternal: {fileID: 0}
  m_GameObject: {fileID: 743404772}
  m_LocalRotation: {x: -0, y: -0, z: -0, w: 1}
  m_LocalPosition: {x: -512, y: 0, z: -512}
  m_LocalScale: {x: 1, y: 1, z: 1}
  m_Children: []
  m_Father: {fileID: 162693008}
  m_RootOrder: 0
  m_LocalEulerAnglesHint: {x: 0, y: 0, z: 0}
--- !u!154 &743404774
TerrainCollider:
  m_ObjectHideFlags: 0
  m_PrefabParentObject: {fileID: 0}
  m_PrefabInternal: {fileID: 0}
  m_GameObject: {fileID: 743404772}
  m_Material: {fileID: 0}
  m_Enabled: 1
  m_TerrainData: {fileID: 15600000, guid: 3c900be02ee462747bf3758611d0a4db, type: 2}
  m_EnableTreeColliders: 1
--- !u!218 &743404775
Terrain:
  m_ObjectHideFlags: 0
  m_PrefabParentObject: {fileID: 0}
  m_PrefabInternal: {fileID: 0}
  m_GameObject: {fileID: 743404772}
  m_Enabled: 1
  serializedVersion: 3
  m_TerrainData: {fileID: 15600000, guid: 3c900be02ee462747bf3758611d0a4db, type: 2}
  m_TreeDistance: 671
  m_TreeBillboardDistance: 82
  m_TreeCrossFadeLength: 20
  m_TreeMaximumFullLODCount: 50
  m_DetailObjectDistance: 120
  m_DetailObjectDensity: 0.5
  m_HeightmapPixelError: 5
  m_SplatMapDistance: 1000
  m_HeightmapMaximumLOD: 0
  m_CastShadows: 1
  m_DrawHeightmap: 1
  m_DrawTreesAndFoliage: 1
  m_ReflectionProbeUsage: 1
  m_MaterialType: 3
  m_LegacySpecular:
    serializedVersion: 2
    rgba: 4286545791
  m_LegacyShininess: 0.078125
  m_MaterialTemplate: {fileID: 2100000, guid: ef9731fff44ccf741ab3ae80056bc36f, type: 2}
  m_BakeLightProbesForTrees: 1
  m_ScaleInLightmap: 0.0125
  m_LightmapParameters: {fileID: 15203, guid: 0000000000000000f000000000000000, type: 0}
--- !u!114 &743404776
MonoBehaviour:
  m_ObjectHideFlags: 0
  m_PrefabParentObject: {fileID: 0}
  m_PrefabInternal: {fileID: 0}
  m_GameObject: {fileID: 743404772}
  m_Enabled: 1
  m_EditorHideFlags: 0
  m_Script: {fileID: 11500000, guid: cccdabaf94acc11458bfdabc599e05d3, type: 3}
  m_Name: 
  m_EditorClassIdentifier: 
  m_ctsDirectory: Assets/CTS/
  m_shaderMode: 1
  m_profile: {fileID: 0}
  m_profilePath: Assets/CTS/Profiles/CTS_Profile_170702-1624.asset
  m_globalNormalMap: {fileID: 2800000, guid: 597d3a2db3cf5e04e8e50f79ffde10c5, type: 3}
  m_basicMaterial: {fileID: 2100000, guid: ef9731fff44ccf741ab3ae80056bc36f, type: 2}
  m_advancedMaterial: {fileID: 2100000, guid: 96471d0ec1e9d5b4b81942505985d1b6, type: 2}
  m_tesselationMaterial: {fileID: 2100000, guid: 038f0503ad501c743a38314f034f1fa6,
    type: 2}
  m_activeShaderType: 1
--- !u!1 &754437333
GameObject:
  m_ObjectHideFlags: 0
  m_PrefabParentObject: {fileID: 0}
  m_PrefabInternal: {fileID: 0}
  serializedVersion: 5
  m_Component:
  - component: {fileID: 754437335}
  - component: {fileID: 754437334}
  m_Layer: 0
  m_Name: SceneContext
  m_TagString: Untagged
  m_Icon: {fileID: 0}
  m_NavMeshLayer: 0
  m_StaticEditorFlags: 0
  m_IsActive: 1
--- !u!114 &754437334
MonoBehaviour:
  m_ObjectHideFlags: 0
  m_PrefabParentObject: {fileID: 0}
  m_PrefabInternal: {fileID: 0}
  m_GameObject: {fileID: 754437333}
  m_Enabled: 1
  m_EditorHideFlags: 0
  m_Script: {fileID: 11500000, guid: 89715ad69b973a14899afa2c6730b30b, type: 3}
  m_Name: 
  m_EditorClassIdentifier: 
  _installers: []
  _installerPrefabs: []
  _scriptableObjectInstallers: []
  _parentNewObjectsUnderRoot: 0
  _contractNames: []
  _parentContractName: 
  _autoRun: 1
--- !u!4 &754437335
Transform:
  m_ObjectHideFlags: 0
  m_PrefabParentObject: {fileID: 0}
  m_PrefabInternal: {fileID: 0}
  m_GameObject: {fileID: 754437333}
  m_LocalRotation: {x: 0, y: 0, z: 0, w: 1}
  m_LocalPosition: {x: 0, y: 0, z: 0}
  m_LocalScale: {x: 1, y: 1, z: 1}
  m_Children: []
  m_Father: {fileID: 0}
  m_RootOrder: 0
  m_LocalEulerAnglesHint: {x: 0, y: 0, z: 0}
--- !u!1001 &819203913
Prefab:
  m_ObjectHideFlags: 0
  serializedVersion: 2
  m_Modification:
    m_TransformParent: {fileID: 301437394}
    m_Modifications:
    - target: {fileID: 455158, guid: 8e9c5fe9201933c4f99f8718cf0d5e6a, type: 2}
      propertyPath: m_LocalPosition.x
      value: 160.85051
      objectReference: {fileID: 0}
    - target: {fileID: 455158, guid: 8e9c5fe9201933c4f99f8718cf0d5e6a, type: 2}
      propertyPath: m_LocalPosition.y
      value: 54.829727
      objectReference: {fileID: 0}
    - target: {fileID: 455158, guid: 8e9c5fe9201933c4f99f8718cf0d5e6a, type: 2}
      propertyPath: m_LocalPosition.z
      value: -183.0105
      objectReference: {fileID: 0}
    - target: {fileID: 455158, guid: 8e9c5fe9201933c4f99f8718cf0d5e6a, type: 2}
      propertyPath: m_LocalRotation.x
      value: -0
      objectReference: {fileID: 0}
    - target: {fileID: 455158, guid: 8e9c5fe9201933c4f99f8718cf0d5e6a, type: 2}
      propertyPath: m_LocalRotation.y
      value: -0.34779498
      objectReference: {fileID: 0}
    - target: {fileID: 455158, guid: 8e9c5fe9201933c4f99f8718cf0d5e6a, type: 2}
      propertyPath: m_LocalRotation.z
      value: -0
      objectReference: {fileID: 0}
    - target: {fileID: 455158, guid: 8e9c5fe9201933c4f99f8718cf0d5e6a, type: 2}
      propertyPath: m_LocalRotation.w
      value: 0.93757063
      objectReference: {fileID: 0}
    - target: {fileID: 455158, guid: 8e9c5fe9201933c4f99f8718cf0d5e6a, type: 2}
      propertyPath: m_RootOrder
      value: 6
      objectReference: {fileID: 0}
    - target: {fileID: 455158, guid: 8e9c5fe9201933c4f99f8718cf0d5e6a, type: 2}
      propertyPath: m_LocalEulerAnglesHint.y
      value: -40.705
      objectReference: {fileID: 0}
    - target: {fileID: 455158, guid: 8e9c5fe9201933c4f99f8718cf0d5e6a, type: 2}
      propertyPath: m_LocalScale.x
      value: 1
      objectReference: {fileID: 0}
    - target: {fileID: 455158, guid: 8e9c5fe9201933c4f99f8718cf0d5e6a, type: 2}
      propertyPath: m_LocalScale.y
      value: 1
      objectReference: {fileID: 0}
    - target: {fileID: 455158, guid: 8e9c5fe9201933c4f99f8718cf0d5e6a, type: 2}
      propertyPath: m_LocalScale.z
      value: 1
      objectReference: {fileID: 0}
    m_RemovedComponents: []
  m_ParentPrefab: {fileID: 100100000, guid: 8e9c5fe9201933c4f99f8718cf0d5e6a, type: 2}
  m_IsPrefabParent: 0
--- !u!4 &819203914 stripped
Transform:
  m_PrefabParentObject: {fileID: 455158, guid: 8e9c5fe9201933c4f99f8718cf0d5e6a, type: 2}
  m_PrefabInternal: {fileID: 819203913}
--- !u!1 &839372821
GameObject:
  m_ObjectHideFlags: 0
  m_PrefabParentObject: {fileID: 0}
  m_PrefabInternal: {fileID: 0}
  serializedVersion: 5
  m_Component:
  - component: {fileID: 839372823}
  - component: {fileID: 839372822}
  m_Layer: 0
  m_Name: Directional Light
  m_TagString: Untagged
  m_Icon: {fileID: 0}
  m_NavMeshLayer: 0
  m_StaticEditorFlags: 0
  m_IsActive: 1
--- !u!108 &839372822
Light:
  m_ObjectHideFlags: 0
  m_PrefabParentObject: {fileID: 0}
  m_PrefabInternal: {fileID: 0}
  m_GameObject: {fileID: 839372821}
  m_Enabled: 1
  serializedVersion: 8
  m_Type: 1
  m_Color: {r: 0.67058825, g: 0.57254905, b: 0.46666667, a: 1}
  m_Intensity: 1.4
  m_Range: 10
  m_SpotAngle: 30
  m_CookieSize: 10
  m_Shadows:
    m_Type: 2
    m_Resolution: -1
    m_CustomResolution: -1
    m_Strength: 1
    m_Bias: 0.05
    m_NormalBias: 0.4
    m_NearPlane: 0.2
  m_Cookie: {fileID: 0}
  m_DrawHalo: 0
  m_Flare: {fileID: 12100000, guid: 28f1e8eff353b4e69941c036ea093e73, type: 2}
  m_RenderMode: 0
  m_CullingMask:
    serializedVersion: 2
    m_Bits: 4294967295
  m_Lightmapping: 4
  m_AreaSize: {x: 1, y: 1}
  m_BounceIntensity: 1
  m_ColorTemperature: 6570
  m_UseColorTemperature: 0
  m_ShadowRadius: 0
  m_ShadowAngle: 0
--- !u!4 &839372823
Transform:
  m_ObjectHideFlags: 0
  m_PrefabParentObject: {fileID: 0}
  m_PrefabInternal: {fileID: 0}
  m_GameObject: {fileID: 839372821}
  m_LocalRotation: {x: 0.44289166, y: -0.10260084, z: 0.04099274, w: 0.88974136}
  m_LocalPosition: {x: 0, y: 0, z: 0}
  m_LocalScale: {x: 1, y: 1, z: 1}
  m_Children: []
  m_Father: {fileID: 0}
  m_RootOrder: 3
  m_LocalEulerAnglesHint: {x: 52.8, y: -14.000001, z: -1.7}
--- !u!1 &996139483
GameObject:
  m_ObjectHideFlags: 0
  m_PrefabParentObject: {fileID: 0}
  m_PrefabInternal: {fileID: 0}
  serializedVersion: 5
  m_Component:
  - component: {fileID: 996139485}
  - component: {fileID: 996139484}
  m_Layer: 0
  m_Name: TowerLandscapeIntro
  m_TagString: Untagged
  m_Icon: {fileID: 0}
  m_NavMeshLayer: 0
  m_StaticEditorFlags: 0
  m_IsActive: 1
--- !u!114 &996139484
MonoBehaviour:
  m_ObjectHideFlags: 0
  m_PrefabParentObject: {fileID: 0}
  m_PrefabInternal: {fileID: 0}
  m_GameObject: {fileID: 996139483}
  m_Enabled: 1
  m_EditorHideFlags: 0
  m_Script: {fileID: 11500000, guid: cef3db9a3beaf6e459d63db47c8cb402, type: 3}
  m_Name: 
  m_EditorClassIdentifier: 
  friendlyWizardMouth: {fileID: 2021047390}
  fallParticles: {fileID: 1714725886617934, guid: ff85d583a95643b409681f4a50021fc0,
    type: 2}
  landParticles: {fileID: 1945266624712412, guid: 4dbc89fdf66be464497c1881602d0264,
    type: 2}
--- !u!4 &996139485
Transform:
  m_ObjectHideFlags: 0
  m_PrefabParentObject: {fileID: 0}
  m_PrefabInternal: {fileID: 0}
  m_GameObject: {fileID: 996139483}
  m_LocalRotation: {x: 0, y: 0, z: 0, w: 1}
  m_LocalPosition: {x: -0.43255207, y: 1.3401835, z: -0.55319726}
  m_LocalScale: {x: 1, y: 1, z: 1}
  m_Children: []
  m_Father: {fileID: 0}
  m_RootOrder: 2
  m_LocalEulerAnglesHint: {x: 0, y: 0, z: 0}
--- !u!4 &1169376498 stripped
Transform:
  m_PrefabParentObject: {fileID: 429292, guid: 1937fa847db424a41b159fbc130bca65, type: 2}
  m_PrefabInternal: {fileID: 649572781}
--- !u!1 &1216082746
GameObject:
  m_ObjectHideFlags: 0
  m_PrefabParentObject: {fileID: 0}
  m_PrefabInternal: {fileID: 0}
  serializedVersion: 5
  m_Component:
  - component: {fileID: 1216082747}
  - component: {fileID: 1216082750}
  - component: {fileID: 1216082749}
  - component: {fileID: 1216082748}
  m_Layer: 4
  m_Name: Tile
  m_TagString: Untagged
  m_Icon: {fileID: 0}
  m_NavMeshLayer: 0
  m_StaticEditorFlags: 0
  m_IsActive: 1
--- !u!4 &1216082747
Transform:
  m_ObjectHideFlags: 0
  m_PrefabParentObject: {fileID: 0}
  m_PrefabInternal: {fileID: 0}
  m_GameObject: {fileID: 1216082746}
  m_LocalRotation: {x: 0, y: 0, z: 0, w: 1}
  m_LocalPosition: {x: 25, y: 0, z: 25}
  m_LocalScale: {x: 0.5, y: 0.5, z: 0.5}
  m_Children: []
  m_Father: {fileID: 2099114648}
  m_RootOrder: 0
  m_LocalEulerAnglesHint: {x: 0, y: 0, z: 0}
--- !u!114 &1216082748
MonoBehaviour:
  m_ObjectHideFlags: 0
  m_PrefabParentObject: {fileID: 0}
  m_PrefabInternal: {fileID: 0}
  m_GameObject: {fileID: 1216082746}
  m_Enabled: 1
  m_EditorHideFlags: 0
  m_Script: {fileID: 11500000, guid: 2a91e8dd37cdd41efb4859b65aced7a2, type: 3}
  m_Name: 
  m_EditorClassIdentifier: 
  reflection: {fileID: 0}
  waterBase: {fileID: 2099114649}
--- !u!23 &1216082749
MeshRenderer:
  m_ObjectHideFlags: 0
  m_PrefabParentObject: {fileID: 0}
  m_PrefabInternal: {fileID: 0}
  m_GameObject: {fileID: 1216082746}
  m_Enabled: 1
  m_CastShadows: 0
  m_ReceiveShadows: 0
  m_MotionVectors: 1
  m_LightProbeUsage: 1
  m_ReflectionProbeUsage: 1
  m_Materials:
  - {fileID: 2100000, guid: a5f2339f242f6cc41a982ec55ea3c201, type: 2}
  m_StaticBatchInfo:
    firstSubMesh: 0
    subMeshCount: 0
  m_StaticBatchRoot: {fileID: 0}
  m_ProbeAnchor: {fileID: 0}
  m_LightProbeVolumeOverride: {fileID: 0}
  m_ScaleInLightmap: 1
  m_PreserveUVs: 0
  m_IgnoreNormalsForChartDetection: 0
  m_ImportantGI: 0
  m_SelectedEditorRenderState: 3
  m_MinimumChartSize: 4
  m_AutoUVMaxDistance: 0.5
  m_AutoUVMaxAngle: 89
  m_LightmapParameters: {fileID: 0}
  m_SortingLayerID: 0
  m_SortingLayer: 0
  m_SortingOrder: 0
--- !u!33 &1216082750
MeshFilter:
  m_ObjectHideFlags: 0
  m_PrefabParentObject: {fileID: 0}
  m_PrefabInternal: {fileID: 0}
  m_GameObject: {fileID: 1216082746}
  m_Mesh: {fileID: 4300002, guid: 681e41ee1260343b395ca58745c94870, type: 3}
--- !u!1001 &1415815308
Prefab:
  m_ObjectHideFlags: 0
  serializedVersion: 2
  m_Modification:
    m_TransformParent: {fileID: 0}
    m_Modifications:
    - target: {fileID: 4550829530956992, guid: a819aa74199687f47a3647d5ab707bc2, type: 2}
      propertyPath: m_LocalPosition.x
      value: 0
      objectReference: {fileID: 0}
    - target: {fileID: 4550829530956992, guid: a819aa74199687f47a3647d5ab707bc2, type: 2}
      propertyPath: m_LocalPosition.y
      value: 1
      objectReference: {fileID: 0}
    - target: {fileID: 4550829530956992, guid: a819aa74199687f47a3647d5ab707bc2, type: 2}
      propertyPath: m_LocalPosition.z
      value: 0.5
      objectReference: {fileID: 0}
    - target: {fileID: 4550829530956992, guid: a819aa74199687f47a3647d5ab707bc2, type: 2}
      propertyPath: m_LocalRotation.x
      value: 0
      objectReference: {fileID: 0}
    - target: {fileID: 4550829530956992, guid: a819aa74199687f47a3647d5ab707bc2, type: 2}
      propertyPath: m_LocalRotation.y
      value: 0
      objectReference: {fileID: 0}
    - target: {fileID: 4550829530956992, guid: a819aa74199687f47a3647d5ab707bc2, type: 2}
      propertyPath: m_LocalRotation.z
      value: 0
      objectReference: {fileID: 0}
    - target: {fileID: 4550829530956992, guid: a819aa74199687f47a3647d5ab707bc2, type: 2}
      propertyPath: m_LocalRotation.w
      value: 1
      objectReference: {fileID: 0}
    - target: {fileID: 4550829530956992, guid: a819aa74199687f47a3647d5ab707bc2, type: 2}
      propertyPath: m_RootOrder
      value: 9
      objectReference: {fileID: 0}
    - target: {fileID: 224583368578927058, guid: a819aa74199687f47a3647d5ab707bc2,
        type: 2}
      propertyPath: m_AnchorMin.y
      value: 1
      objectReference: {fileID: 0}
    - target: {fileID: 224583368578927058, guid: a819aa74199687f47a3647d5ab707bc2,
        type: 2}
      propertyPath: m_AnchorMax.y
      value: 1
      objectReference: {fileID: 0}
    - target: {fileID: 224583368578927058, guid: a819aa74199687f47a3647d5ab707bc2,
        type: 2}
      propertyPath: m_AnchoredPosition.x
      value: 200
      objectReference: {fileID: 0}
    - target: {fileID: 224583368578927058, guid: a819aa74199687f47a3647d5ab707bc2,
        type: 2}
      propertyPath: m_AnchoredPosition.y
      value: -25.530626
      objectReference: {fileID: 0}
    - target: {fileID: 224583368578927058, guid: a819aa74199687f47a3647d5ab707bc2,
        type: 2}
      propertyPath: m_SizeDelta.x
      value: 400
      objectReference: {fileID: 0}
    - target: {fileID: 224583368578927058, guid: a819aa74199687f47a3647d5ab707bc2,
        type: 2}
      propertyPath: m_SizeDelta.y
      value: 51.061253
      objectReference: {fileID: 0}
    - target: {fileID: 224992391251251460, guid: a819aa74199687f47a3647d5ab707bc2,
        type: 2}
      propertyPath: m_AnchorMin.y
      value: 1
      objectReference: {fileID: 0}
    - target: {fileID: 224992391251251460, guid: a819aa74199687f47a3647d5ab707bc2,
        type: 2}
      propertyPath: m_AnchorMax.y
      value: 1
      objectReference: {fileID: 0}
    - target: {fileID: 224992391251251460, guid: a819aa74199687f47a3647d5ab707bc2,
        type: 2}
      propertyPath: m_AnchoredPosition.x
      value: 600
      objectReference: {fileID: 0}
    - target: {fileID: 224992391251251460, guid: a819aa74199687f47a3647d5ab707bc2,
        type: 2}
      propertyPath: m_AnchoredPosition.y
      value: -25.530626
      objectReference: {fileID: 0}
    - target: {fileID: 224992391251251460, guid: a819aa74199687f47a3647d5ab707bc2,
        type: 2}
      propertyPath: m_SizeDelta.x
      value: 400
      objectReference: {fileID: 0}
    - target: {fileID: 224992391251251460, guid: a819aa74199687f47a3647d5ab707bc2,
        type: 2}
      propertyPath: m_SizeDelta.y
      value: 51.061253
      objectReference: {fileID: 0}
    - target: {fileID: 224781583517682618, guid: a819aa74199687f47a3647d5ab707bc2,
        type: 2}
      propertyPath: m_AnchorMin.y
      value: 1
      objectReference: {fileID: 0}
    - target: {fileID: 224781583517682618, guid: a819aa74199687f47a3647d5ab707bc2,
        type: 2}
      propertyPath: m_AnchorMax.y
      value: 1
      objectReference: {fileID: 0}
    - target: {fileID: 224781583517682618, guid: a819aa74199687f47a3647d5ab707bc2,
        type: 2}
      propertyPath: m_AnchoredPosition.x
      value: 1000
      objectReference: {fileID: 0}
    - target: {fileID: 224781583517682618, guid: a819aa74199687f47a3647d5ab707bc2,
        type: 2}
      propertyPath: m_AnchoredPosition.y
      value: -25.530626
      objectReference: {fileID: 0}
    - target: {fileID: 224781583517682618, guid: a819aa74199687f47a3647d5ab707bc2,
        type: 2}
      propertyPath: m_SizeDelta.x
      value: 400
      objectReference: {fileID: 0}
    - target: {fileID: 224781583517682618, guid: a819aa74199687f47a3647d5ab707bc2,
        type: 2}
      propertyPath: m_SizeDelta.y
      value: 51.061253
      objectReference: {fileID: 0}
    m_RemovedComponents: []
  m_ParentPrefab: {fileID: 100100000, guid: a819aa74199687f47a3647d5ab707bc2, type: 2}
  m_IsPrefabParent: 0
--- !u!1 &1448120328
GameObject:
  m_ObjectHideFlags: 0
  m_PrefabParentObject: {fileID: 0}
  m_PrefabInternal: {fileID: 0}
  serializedVersion: 5
  m_Component:
  - component: {fileID: 1448120330}
  - component: {fileID: 1448120329}
  m_Layer: 0
  m_Name: CTS.CTSTerrainManager
  m_TagString: Untagged
  m_Icon: {fileID: 0}
  m_NavMeshLayer: 0
  m_StaticEditorFlags: 0
  m_IsActive: 1
--- !u!114 &1448120329
MonoBehaviour:
  m_ObjectHideFlags: 0
  m_PrefabParentObject: {fileID: 0}
  m_PrefabInternal: {fileID: 0}
  m_GameObject: {fileID: 1448120328}
  m_Enabled: 1
  m_EditorHideFlags: 0
  m_Script: {fileID: 11500000, guid: 139c85d8b385f5249ad37934c76d97a3, type: 3}
  m_Name: 
  m_EditorClassIdentifier: 
--- !u!4 &1448120330
Transform:
  m_ObjectHideFlags: 0
  m_PrefabParentObject: {fileID: 0}
  m_PrefabInternal: {fileID: 0}
  m_GameObject: {fileID: 1448120328}
  m_LocalRotation: {x: -0, y: -0, z: -0, w: 1}
  m_LocalPosition: {x: 0, y: 0, z: 0}
  m_LocalScale: {x: 1, y: 1, z: 1}
  m_Children: []
  m_Father: {fileID: 162693008}
  m_RootOrder: 3
  m_LocalEulerAnglesHint: {x: 0, y: 0, z: 0}
--- !u!1001 &1547034125
Prefab:
  m_ObjectHideFlags: 0
  serializedVersion: 2
  m_Modification:
    m_TransformParent: {fileID: 301437394}
    m_Modifications:
    - target: {fileID: 434470, guid: 1263cf83c2220b54e96926b1d322ef31, type: 2}
      propertyPath: m_LocalPosition.x
      value: 163.62375
      objectReference: {fileID: 0}
    - target: {fileID: 434470, guid: 1263cf83c2220b54e96926b1d322ef31, type: 2}
      propertyPath: m_LocalPosition.y
      value: 97.92371
      objectReference: {fileID: 0}
    - target: {fileID: 434470, guid: 1263cf83c2220b54e96926b1d322ef31, type: 2}
      propertyPath: m_LocalPosition.z
      value: -175.14146
      objectReference: {fileID: 0}
    - target: {fileID: 434470, guid: 1263cf83c2220b54e96926b1d322ef31, type: 2}
      propertyPath: m_LocalRotation.x
      value: -0
      objectReference: {fileID: 0}
    - target: {fileID: 434470, guid: 1263cf83c2220b54e96926b1d322ef31, type: 2}
      propertyPath: m_LocalRotation.y
      value: 0.032192893
      objectReference: {fileID: 0}
    - target: {fileID: 434470, guid: 1263cf83c2220b54e96926b1d322ef31, type: 2}
      propertyPath: m_LocalRotation.z
      value: -0
      objectReference: {fileID: 0}
    - target: {fileID: 434470, guid: 1263cf83c2220b54e96926b1d322ef31, type: 2}
      propertyPath: m_LocalRotation.w
      value: 0.99948174
      objectReference: {fileID: 0}
    - target: {fileID: 434470, guid: 1263cf83c2220b54e96926b1d322ef31, type: 2}
      propertyPath: m_RootOrder
      value: 1
      objectReference: {fileID: 0}
    - target: {fileID: 434470, guid: 1263cf83c2220b54e96926b1d322ef31, type: 2}
      propertyPath: m_LocalEulerAnglesHint.y
      value: -0.058000002
      objectReference: {fileID: 0}
    - target: {fileID: 434470, guid: 1263cf83c2220b54e96926b1d322ef31, type: 2}
      propertyPath: m_LocalScale.x
      value: 1.0916941
      objectReference: {fileID: 0}
    - target: {fileID: 434470, guid: 1263cf83c2220b54e96926b1d322ef31, type: 2}
      propertyPath: m_LocalScale.y
      value: 1.0916935
      objectReference: {fileID: 0}
    - target: {fileID: 434470, guid: 1263cf83c2220b54e96926b1d322ef31, type: 2}
      propertyPath: m_LocalScale.z
      value: 1.0916936
      objectReference: {fileID: 0}
    m_RemovedComponents: []
  m_ParentPrefab: {fileID: 100100000, guid: 1263cf83c2220b54e96926b1d322ef31, type: 2}
  m_IsPrefabParent: 0
--- !u!4 &1547034126 stripped
Transform:
  m_PrefabParentObject: {fileID: 434470, guid: 1263cf83c2220b54e96926b1d322ef31, type: 2}
  m_PrefabInternal: {fileID: 1547034125}
--- !u!1001 &1589965512
Prefab:
  m_ObjectHideFlags: 0
  serializedVersion: 2
  m_Modification:
    m_TransformParent: {fileID: 0}
    m_Modifications:
    - target: {fileID: 4601626728110148, guid: 8140091cc1a966e4fa041bf86296f9df, type: 2}
      propertyPath: m_LocalPosition.x
      value: 0
      objectReference: {fileID: 0}
    - target: {fileID: 4601626728110148, guid: 8140091cc1a966e4fa041bf86296f9df, type: 2}
      propertyPath: m_LocalPosition.y
      value: 0
      objectReference: {fileID: 0}
    - target: {fileID: 4601626728110148, guid: 8140091cc1a966e4fa041bf86296f9df, type: 2}
      propertyPath: m_LocalPosition.z
      value: 0
      objectReference: {fileID: 0}
    - target: {fileID: 4601626728110148, guid: 8140091cc1a966e4fa041bf86296f9df, type: 2}
      propertyPath: m_LocalRotation.x
      value: 0
      objectReference: {fileID: 0}
    - target: {fileID: 4601626728110148, guid: 8140091cc1a966e4fa041bf86296f9df, type: 2}
      propertyPath: m_LocalRotation.y
      value: 0
      objectReference: {fileID: 0}
    - target: {fileID: 4601626728110148, guid: 8140091cc1a966e4fa041bf86296f9df, type: 2}
      propertyPath: m_LocalRotation.z
      value: 0
      objectReference: {fileID: 0}
    - target: {fileID: 4601626728110148, guid: 8140091cc1a966e4fa041bf86296f9df, type: 2}
      propertyPath: m_LocalRotation.w
      value: 1
      objectReference: {fileID: 0}
    - target: {fileID: 4601626728110148, guid: 8140091cc1a966e4fa041bf86296f9df, type: 2}
      propertyPath: m_RootOrder
      value: 7
      objectReference: {fileID: 0}
    m_RemovedComponents: []
  m_ParentPrefab: {fileID: 100100000, guid: 8140091cc1a966e4fa041bf86296f9df, type: 2}
  m_IsPrefabParent: 0
--- !u!1 &1650495197
GameObject:
  m_ObjectHideFlags: 0
  m_PrefabParentObject: {fileID: 0}
  m_PrefabInternal: {fileID: 0}
  serializedVersion: 5
  m_Component:
  - component: {fileID: 1650495204}
  - component: {fileID: 1650495203}
  - component: {fileID: 1650495202}
  - component: {fileID: 1650495201}
  - component: {fileID: 1650495200}
  - component: {fileID: 1650495199}
  - component: {fileID: 1650495198}
  m_Layer: 0
  m_Name: DoorHandle
  m_TagString: Untagged
  m_Icon: {fileID: 0}
  m_NavMeshLayer: 0
  m_StaticEditorFlags: 0
  m_IsActive: 1
--- !u!114 &1650495198
MonoBehaviour:
  m_ObjectHideFlags: 0
  m_PrefabParentObject: {fileID: 0}
  m_PrefabInternal: {fileID: 0}
  m_GameObject: {fileID: 1650495197}
  m_Enabled: 1
  m_EditorHideFlags: 0
  m_Script: {fileID: 11500000, guid: dff1ae85f5770f44ebf271e19e283426, type: 3}
  m_Name: 
  m_EditorClassIdentifier: 
--- !u!114 &1650495199
MonoBehaviour:
  m_ObjectHideFlags: 0
  m_PrefabParentObject: {fileID: 0}
  m_PrefabInternal: {fileID: 0}
  m_GameObject: {fileID: 1650495197}
  m_Enabled: 1
  m_EditorHideFlags: 0
  m_Script: {fileID: 11500000, guid: a3abaf4521bf2344ea21ed3020b98eb2, type: 3}
  m_Name: 
  m_EditorClassIdentifier: 
  disableWhenIdle: 0
  touchHighlightColor: {r: 1, g: 1, b: 1, a: 0}
  allowedTouchControllers: 0
  ignoredColliders: []
  isGrabbable: 0
  holdButtonToGrab: 0
  stayGrabbedOnTeleport: 0
  validDrop: 1
  grabOverrideButton: 0
  allowedGrabControllers: 0
  grabAttachMechanicScript: {fileID: 0}
  secondaryGrabActionScript: {fileID: 0}
  isUsable: 1
  holdButtonToUse: 0
  useOnlyIfGrabbed: 0
  pointerActivatesUseAction: 0
  useOverrideButton: 0
  allowedUseControllers: 0
  usingState: 0
--- !u!54 &1650495200
Rigidbody:
  m_ObjectHideFlags: 0
  m_PrefabParentObject: {fileID: 0}
  m_PrefabInternal: {fileID: 0}
  m_GameObject: {fileID: 1650495197}
  serializedVersion: 2
  m_Mass: 1
  m_Drag: 0
  m_AngularDrag: 0.05
  m_UseGravity: 0
  m_IsKinematic: 1
  m_Interpolate: 0
  m_Constraints: 0
  m_CollisionDetection: 0
--- !u!23 &1650495201
MeshRenderer:
  m_ObjectHideFlags: 0
  m_PrefabParentObject: {fileID: 0}
  m_PrefabInternal: {fileID: 0}
  m_GameObject: {fileID: 1650495197}
  m_Enabled: 1
  m_CastShadows: 1
  m_ReceiveShadows: 1
  m_MotionVectors: 1
  m_LightProbeUsage: 1
  m_ReflectionProbeUsage: 1
  m_Materials:
  - {fileID: 2100000, guid: 6729a932de5127b419aacfd9be7dde0d, type: 2}
  m_StaticBatchInfo:
    firstSubMesh: 0
    subMeshCount: 0
  m_StaticBatchRoot: {fileID: 0}
  m_ProbeAnchor: {fileID: 0}
  m_LightProbeVolumeOverride: {fileID: 0}
  m_ScaleInLightmap: 1
  m_PreserveUVs: 1
  m_IgnoreNormalsForChartDetection: 0
  m_ImportantGI: 0
  m_SelectedEditorRenderState: 3
  m_MinimumChartSize: 4
  m_AutoUVMaxDistance: 0.5
  m_AutoUVMaxAngle: 89
  m_LightmapParameters: {fileID: 0}
  m_SortingLayerID: 0
  m_SortingLayer: 0
  m_SortingOrder: 0
--- !u!135 &1650495202
SphereCollider:
  m_ObjectHideFlags: 0
  m_PrefabParentObject: {fileID: 0}
  m_PrefabInternal: {fileID: 0}
  m_GameObject: {fileID: 1650495197}
  m_Material: {fileID: 0}
  m_IsTrigger: 0
  m_Enabled: 1
  serializedVersion: 2
  m_Radius: 0.5
  m_Center: {x: 0, y: 0, z: 0}
--- !u!33 &1650495203
MeshFilter:
  m_ObjectHideFlags: 0
  m_PrefabParentObject: {fileID: 0}
  m_PrefabInternal: {fileID: 0}
  m_GameObject: {fileID: 1650495197}
  m_Mesh: {fileID: 10207, guid: 0000000000000000e000000000000000, type: 0}
--- !u!4 &1650495204
Transform:
  m_ObjectHideFlags: 0
  m_PrefabParentObject: {fileID: 0}
  m_PrefabInternal: {fileID: 0}
  m_GameObject: {fileID: 1650495197}
  m_LocalRotation: {x: -0, y: -0.35246137, z: -0, w: 0.93582636}
  m_LocalPosition: {x: 160.127, y: 53.307, z: -167.872}
  m_LocalScale: {x: 0.20546696, y: 0.20546703, z: 0.20546702}
  m_Children: []
  m_Father: {fileID: 301437394}
  m_RootOrder: 11
  m_LocalEulerAnglesHint: {x: 0, y: -41.276, z: 0}
--- !u!1001 &1660411222
Prefab:
  m_ObjectHideFlags: 0
  serializedVersion: 2
  m_Modification:
    m_TransformParent: {fileID: 0}
    m_Modifications:
    - target: {fileID: 224000011360181680, guid: 0052c7a2273aa0a468757492e71cdaa6,
        type: 2}
      propertyPath: m_LocalPosition.x
      value: 0
      objectReference: {fileID: 0}
    - target: {fileID: 224000011360181680, guid: 0052c7a2273aa0a468757492e71cdaa6,
        type: 2}
      propertyPath: m_LocalPosition.y
      value: 0
      objectReference: {fileID: 0}
    - target: {fileID: 224000011360181680, guid: 0052c7a2273aa0a468757492e71cdaa6,
        type: 2}
      propertyPath: m_LocalPosition.z
      value: 0
      objectReference: {fileID: 0}
    - target: {fileID: 224000011360181680, guid: 0052c7a2273aa0a468757492e71cdaa6,
        type: 2}
      propertyPath: m_LocalRotation.x
      value: 0
      objectReference: {fileID: 0}
    - target: {fileID: 224000011360181680, guid: 0052c7a2273aa0a468757492e71cdaa6,
        type: 2}
      propertyPath: m_LocalRotation.y
      value: 0
      objectReference: {fileID: 0}
    - target: {fileID: 224000011360181680, guid: 0052c7a2273aa0a468757492e71cdaa6,
        type: 2}
      propertyPath: m_LocalRotation.z
      value: 0
      objectReference: {fileID: 0}
    - target: {fileID: 224000011360181680, guid: 0052c7a2273aa0a468757492e71cdaa6,
        type: 2}
      propertyPath: m_LocalRotation.w
      value: 1
      objectReference: {fileID: 0}
    - target: {fileID: 224000011360181680, guid: 0052c7a2273aa0a468757492e71cdaa6,
        type: 2}
      propertyPath: m_RootOrder
      value: 1
      objectReference: {fileID: 0}
    - target: {fileID: 224000011360181680, guid: 0052c7a2273aa0a468757492e71cdaa6,
        type: 2}
      propertyPath: m_AnchoredPosition.x
      value: 0
      objectReference: {fileID: 0}
    - target: {fileID: 224000011360181680, guid: 0052c7a2273aa0a468757492e71cdaa6,
        type: 2}
      propertyPath: m_AnchoredPosition.y
      value: 0
      objectReference: {fileID: 0}
    - target: {fileID: 224000011360181680, guid: 0052c7a2273aa0a468757492e71cdaa6,
        type: 2}
      propertyPath: m_SizeDelta.x
      value: 100
      objectReference: {fileID: 0}
    - target: {fileID: 224000011360181680, guid: 0052c7a2273aa0a468757492e71cdaa6,
        type: 2}
      propertyPath: m_SizeDelta.y
      value: 100
      objectReference: {fileID: 0}
    - target: {fileID: 224000011360181680, guid: 0052c7a2273aa0a468757492e71cdaa6,
        type: 2}
      propertyPath: m_AnchorMin.x
      value: 0.5
      objectReference: {fileID: 0}
    - target: {fileID: 224000011360181680, guid: 0052c7a2273aa0a468757492e71cdaa6,
        type: 2}
      propertyPath: m_AnchorMin.y
      value: 0.5
      objectReference: {fileID: 0}
    - target: {fileID: 224000011360181680, guid: 0052c7a2273aa0a468757492e71cdaa6,
        type: 2}
      propertyPath: m_AnchorMax.x
      value: 0.5
      objectReference: {fileID: 0}
    - target: {fileID: 224000011360181680, guid: 0052c7a2273aa0a468757492e71cdaa6,
        type: 2}
      propertyPath: m_AnchorMax.y
      value: 0.5
      objectReference: {fileID: 0}
    - target: {fileID: 224000011360181680, guid: 0052c7a2273aa0a468757492e71cdaa6,
        type: 2}
      propertyPath: m_Pivot.x
      value: 0.5
      objectReference: {fileID: 0}
    - target: {fileID: 224000011360181680, guid: 0052c7a2273aa0a468757492e71cdaa6,
        type: 2}
      propertyPath: m_Pivot.y
      value: 0.5
      objectReference: {fileID: 0}
    m_RemovedComponents: []
  m_ParentPrefab: {fileID: 100100000, guid: 0052c7a2273aa0a468757492e71cdaa6, type: 2}
  m_IsPrefabParent: 0
--- !u!1 &1750397136
GameObject:
  m_ObjectHideFlags: 0
  m_PrefabParentObject: {fileID: 0}
  m_PrefabInternal: {fileID: 0}
  serializedVersion: 5
  m_Component:
  - component: {fileID: 1750397137}
  - component: {fileID: 1750397140}
  - component: {fileID: 1750397139}
  - component: {fileID: 1750397138}
  m_Layer: 4
  m_Name: Tile
  m_TagString: Untagged
  m_Icon: {fileID: 0}
  m_NavMeshLayer: 0
  m_StaticEditorFlags: 0
  m_IsActive: 1
--- !u!4 &1750397137
Transform:
  m_ObjectHideFlags: 0
  m_PrefabParentObject: {fileID: 0}
  m_PrefabInternal: {fileID: 0}
  m_GameObject: {fileID: 1750397136}
  m_LocalRotation: {x: 0, y: 0, z: 0, w: 1}
  m_LocalPosition: {x: -25, y: 0, z: -25}
  m_LocalScale: {x: 0.5, y: 0.5, z: 0.5}
  m_Children: []
  m_Father: {fileID: 2099114648}
  m_RootOrder: 2
  m_LocalEulerAnglesHint: {x: 0, y: 0, z: 0}
--- !u!114 &1750397138
MonoBehaviour:
  m_ObjectHideFlags: 0
  m_PrefabParentObject: {fileID: 0}
  m_PrefabInternal: {fileID: 0}
  m_GameObject: {fileID: 1750397136}
  m_Enabled: 1
  m_EditorHideFlags: 0
  m_Script: {fileID: 11500000, guid: 2a91e8dd37cdd41efb4859b65aced7a2, type: 3}
  m_Name: 
  m_EditorClassIdentifier: 
  reflection: {fileID: 0}
  waterBase: {fileID: 2099114649}
--- !u!23 &1750397139
MeshRenderer:
  m_ObjectHideFlags: 0
  m_PrefabParentObject: {fileID: 0}
  m_PrefabInternal: {fileID: 0}
  m_GameObject: {fileID: 1750397136}
  m_Enabled: 1
  m_CastShadows: 0
  m_ReceiveShadows: 0
  m_MotionVectors: 1
  m_LightProbeUsage: 1
  m_ReflectionProbeUsage: 1
  m_Materials:
  - {fileID: 2100000, guid: a5f2339f242f6cc41a982ec55ea3c201, type: 2}
  m_StaticBatchInfo:
    firstSubMesh: 0
    subMeshCount: 0
  m_StaticBatchRoot: {fileID: 0}
  m_ProbeAnchor: {fileID: 0}
  m_LightProbeVolumeOverride: {fileID: 0}
  m_ScaleInLightmap: 1
  m_PreserveUVs: 0
  m_IgnoreNormalsForChartDetection: 0
  m_ImportantGI: 0
  m_SelectedEditorRenderState: 3
  m_MinimumChartSize: 4
  m_AutoUVMaxDistance: 0.5
  m_AutoUVMaxAngle: 89
  m_LightmapParameters: {fileID: 0}
  m_SortingLayerID: 0
  m_SortingLayer: 0
  m_SortingOrder: 0
--- !u!33 &1750397140
MeshFilter:
  m_ObjectHideFlags: 0
  m_PrefabParentObject: {fileID: 0}
  m_PrefabInternal: {fileID: 0}
  m_GameObject: {fileID: 1750397136}
  m_Mesh: {fileID: 4300002, guid: 681e41ee1260343b395ca58745c94870, type: 3}
--- !u!1001 &1812475858
Prefab:
  m_ObjectHideFlags: 0
  serializedVersion: 2
  m_Modification:
    m_TransformParent: {fileID: 301437394}
    m_Modifications:
    - target: {fileID: 478510, guid: 9568d7c50d4b38044a077727e4ca0541, type: 2}
      propertyPath: m_LocalPosition.x
      value: 246.96999
      objectReference: {fileID: 0}
    - target: {fileID: 478510, guid: 9568d7c50d4b38044a077727e4ca0541, type: 2}
      propertyPath: m_LocalPosition.y
      value: 53.73444
      objectReference: {fileID: 0}
    - target: {fileID: 478510, guid: 9568d7c50d4b38044a077727e4ca0541, type: 2}
      propertyPath: m_LocalPosition.z
      value: -111.63635
      objectReference: {fileID: 0}
    - target: {fileID: 478510, guid: 9568d7c50d4b38044a077727e4ca0541, type: 2}
      propertyPath: m_LocalRotation.x
      value: -0
      objectReference: {fileID: 0}
    - target: {fileID: 478510, guid: 9568d7c50d4b38044a077727e4ca0541, type: 2}
      propertyPath: m_LocalRotation.y
      value: 0.9495227
      objectReference: {fileID: 0}
    - target: {fileID: 478510, guid: 9568d7c50d4b38044a077727e4ca0541, type: 2}
      propertyPath: m_LocalRotation.z
      value: -0
      objectReference: {fileID: 0}
    - target: {fileID: 478510, guid: 9568d7c50d4b38044a077727e4ca0541, type: 2}
      propertyPath: m_LocalRotation.w
      value: 0.31369847
      objectReference: {fileID: 0}
    - target: {fileID: 478510, guid: 9568d7c50d4b38044a077727e4ca0541, type: 2}
      propertyPath: m_RootOrder
      value: 9
      objectReference: {fileID: 0}
    - target: {fileID: 2307870, guid: 9568d7c50d4b38044a077727e4ca0541, type: 2}
      propertyPath: m_Materials.Array.data[0]
      value: 
      objectReference: {fileID: 2100000, guid: af7527b99ce384c4bb3ca50a937a8411, type: 2}
    - target: {fileID: 478510, guid: 9568d7c50d4b38044a077727e4ca0541, type: 2}
      propertyPath: m_LocalEulerAnglesHint.y
      value: 143.43501
      objectReference: {fileID: 0}
    - target: {fileID: 478510, guid: 9568d7c50d4b38044a077727e4ca0541, type: 2}
      propertyPath: m_LocalScale.x
      value: 1
      objectReference: {fileID: 0}
    - target: {fileID: 478510, guid: 9568d7c50d4b38044a077727e4ca0541, type: 2}
      propertyPath: m_LocalScale.z
      value: 1
      objectReference: {fileID: 0}
    m_RemovedComponents: []
  m_ParentPrefab: {fileID: 100100000, guid: 9568d7c50d4b38044a077727e4ca0541, type: 2}
  m_IsPrefabParent: 0
--- !u!4 &1812475859 stripped
Transform:
  m_PrefabParentObject: {fileID: 478510, guid: 9568d7c50d4b38044a077727e4ca0541, type: 2}
  m_PrefabInternal: {fileID: 1812475858}
--- !u!1001 &1865983738
Prefab:
  m_ObjectHideFlags: 0
  serializedVersion: 2
  m_Modification:
    m_TransformParent: {fileID: 0}
    m_Modifications:
    - target: {fileID: 4622459220078570, guid: 9a259292d420f864ba7e6e795f18651a, type: 2}
      propertyPath: m_LocalPosition.x
      value: 0
      objectReference: {fileID: 0}
    - target: {fileID: 4622459220078570, guid: 9a259292d420f864ba7e6e795f18651a, type: 2}
      propertyPath: m_LocalPosition.y
      value: 0
      objectReference: {fileID: 0}
    - target: {fileID: 4622459220078570, guid: 9a259292d420f864ba7e6e795f18651a, type: 2}
      propertyPath: m_LocalPosition.z
      value: 0
      objectReference: {fileID: 0}
    - target: {fileID: 4622459220078570, guid: 9a259292d420f864ba7e6e795f18651a, type: 2}
      propertyPath: m_LocalRotation.x
      value: -0
      objectReference: {fileID: 0}
    - target: {fileID: 4622459220078570, guid: 9a259292d420f864ba7e6e795f18651a, type: 2}
      propertyPath: m_LocalRotation.y
      value: -0
      objectReference: {fileID: 0}
    - target: {fileID: 4622459220078570, guid: 9a259292d420f864ba7e6e795f18651a, type: 2}
      propertyPath: m_LocalRotation.z
      value: -0
      objectReference: {fileID: 0}
    - target: {fileID: 4622459220078570, guid: 9a259292d420f864ba7e6e795f18651a, type: 2}
      propertyPath: m_LocalRotation.w
      value: 1
      objectReference: {fileID: 0}
    - target: {fileID: 4622459220078570, guid: 9a259292d420f864ba7e6e795f18651a, type: 2}
      propertyPath: m_RootOrder
      value: 8
      objectReference: {fileID: 0}
    m_RemovedComponents: []
  m_ParentPrefab: {fileID: 100100000, guid: 9a259292d420f864ba7e6e795f18651a, type: 2}
  m_IsPrefabParent: 0
--- !u!1001 &1954315286
Prefab:
  m_ObjectHideFlags: 0
  serializedVersion: 2
  m_Modification:
    m_TransformParent: {fileID: 301437394}
    m_Modifications:
    - target: {fileID: 425392, guid: d367292a8fe0bfb4d87fdea63a53e5c6, type: 2}
      propertyPath: m_LocalPosition.x
      value: 160.78
      objectReference: {fileID: 0}
    - target: {fileID: 425392, guid: d367292a8fe0bfb4d87fdea63a53e5c6, type: 2}
      propertyPath: m_LocalPosition.y
      value: 54.759995
      objectReference: {fileID: 0}
    - target: {fileID: 425392, guid: d367292a8fe0bfb4d87fdea63a53e5c6, type: 2}
      propertyPath: m_LocalPosition.z
      value: -167.59
      objectReference: {fileID: 0}
    - target: {fileID: 425392, guid: d367292a8fe0bfb4d87fdea63a53e5c6, type: 2}
      propertyPath: m_LocalRotation.x
      value: -0
      objectReference: {fileID: 0}
    - target: {fileID: 425392, guid: d367292a8fe0bfb4d87fdea63a53e5c6, type: 2}
      propertyPath: m_LocalRotation.y
      value: -0.35897782
      objectReference: {fileID: 0}
    - target: {fileID: 425392, guid: d367292a8fe0bfb4d87fdea63a53e5c6, type: 2}
      propertyPath: m_LocalRotation.z
      value: -0
      objectReference: {fileID: 0}
    - target: {fileID: 425392, guid: d367292a8fe0bfb4d87fdea63a53e5c6, type: 2}
      propertyPath: m_LocalRotation.w
      value: 0.9333461
      objectReference: {fileID: 0}
    - target: {fileID: 425392, guid: d367292a8fe0bfb4d87fdea63a53e5c6, type: 2}
      propertyPath: m_RootOrder
      value: 7
      objectReference: {fileID: 0}
    - target: {fileID: 425392, guid: d367292a8fe0bfb4d87fdea63a53e5c6, type: 2}
      propertyPath: m_LocalEulerAnglesHint.y
      value: -42.075
      objectReference: {fileID: 0}
    - target: {fileID: 425392, guid: d367292a8fe0bfb4d87fdea63a53e5c6, type: 2}
      propertyPath: m_LocalScale.x
      value: 1.6556796
      objectReference: {fileID: 0}
    - target: {fileID: 425392, guid: d367292a8fe0bfb4d87fdea63a53e5c6, type: 2}
      propertyPath: m_LocalScale.y
      value: 1.6556797
      objectReference: {fileID: 0}
    - target: {fileID: 425392, guid: d367292a8fe0bfb4d87fdea63a53e5c6, type: 2}
      propertyPath: m_LocalScale.z
      value: 1.6556797
      objectReference: {fileID: 0}
    - target: {fileID: 116442, guid: d367292a8fe0bfb4d87fdea63a53e5c6, type: 2}
      propertyPath: m_IsActive
      value: 0
      objectReference: {fileID: 0}
    m_RemovedComponents: []
  m_ParentPrefab: {fileID: 100100000, guid: d367292a8fe0bfb4d87fdea63a53e5c6, type: 2}
  m_IsPrefabParent: 0
--- !u!4 &1954315287 stripped
Transform:
  m_PrefabParentObject: {fileID: 425392, guid: d367292a8fe0bfb4d87fdea63a53e5c6, type: 2}
  m_PrefabInternal: {fileID: 1954315286}
--- !u!1 &1967657849
GameObject:
  m_ObjectHideFlags: 0
  m_PrefabParentObject: {fileID: 0}
  m_PrefabInternal: {fileID: 0}
  serializedVersion: 5
  m_Component:
  - component: {fileID: 1967657850}
  - component: {fileID: 1967657853}
  - component: {fileID: 1967657852}
  - component: {fileID: 1967657851}
  m_Layer: 4
  m_Name: Tile
  m_TagString: Untagged
  m_Icon: {fileID: 0}
  m_NavMeshLayer: 0
  m_StaticEditorFlags: 0
  m_IsActive: 1
--- !u!4 &1967657850
Transform:
  m_ObjectHideFlags: 0
  m_PrefabParentObject: {fileID: 0}
  m_PrefabInternal: {fileID: 0}
  m_GameObject: {fileID: 1967657849}
  m_LocalRotation: {x: 0, y: 0, z: 0, w: 1}
  m_LocalPosition: {x: 25, y: 0, z: -25}
  m_LocalScale: {x: 0.5, y: 0.5, z: 0.5}
  m_Children: []
  m_Father: {fileID: 2099114648}
  m_RootOrder: 3
  m_LocalEulerAnglesHint: {x: 0, y: 0, z: 0}
--- !u!114 &1967657851
MonoBehaviour:
  m_ObjectHideFlags: 0
  m_PrefabParentObject: {fileID: 0}
  m_PrefabInternal: {fileID: 0}
  m_GameObject: {fileID: 1967657849}
  m_Enabled: 1
  m_EditorHideFlags: 0
  m_Script: {fileID: 11500000, guid: 2a91e8dd37cdd41efb4859b65aced7a2, type: 3}
  m_Name: 
  m_EditorClassIdentifier: 
  reflection: {fileID: 0}
  waterBase: {fileID: 2099114649}
--- !u!23 &1967657852
MeshRenderer:
  m_ObjectHideFlags: 0
  m_PrefabParentObject: {fileID: 0}
  m_PrefabInternal: {fileID: 0}
  m_GameObject: {fileID: 1967657849}
  m_Enabled: 1
  m_CastShadows: 0
  m_ReceiveShadows: 0
  m_MotionVectors: 1
  m_LightProbeUsage: 1
  m_ReflectionProbeUsage: 1
  m_Materials:
  - {fileID: 2100000, guid: a5f2339f242f6cc41a982ec55ea3c201, type: 2}
  m_StaticBatchInfo:
    firstSubMesh: 0
    subMeshCount: 0
  m_StaticBatchRoot: {fileID: 0}
  m_ProbeAnchor: {fileID: 0}
  m_LightProbeVolumeOverride: {fileID: 0}
  m_ScaleInLightmap: 1
  m_PreserveUVs: 0
  m_IgnoreNormalsForChartDetection: 0
  m_ImportantGI: 0
  m_SelectedEditorRenderState: 3
  m_MinimumChartSize: 4
  m_AutoUVMaxDistance: 0.5
  m_AutoUVMaxAngle: 89
  m_LightmapParameters: {fileID: 0}
  m_SortingLayerID: 0
  m_SortingLayer: 0
  m_SortingOrder: 0
--- !u!33 &1967657853
MeshFilter:
  m_ObjectHideFlags: 0
  m_PrefabParentObject: {fileID: 0}
  m_PrefabInternal: {fileID: 0}
  m_GameObject: {fileID: 1967657849}
  m_Mesh: {fileID: 4300002, guid: 681e41ee1260343b395ca58745c94870, type: 3}
--- !u!1001 &2013281963
Prefab:
  m_ObjectHideFlags: 0
  serializedVersion: 2
  m_Modification:
    m_TransformParent: {fileID: 301437394}
    m_Modifications:
    - target: {fileID: 426876, guid: 0f158a412e9528f4c9b178c7561ada12, type: 2}
      propertyPath: m_LocalPosition.x
      value: 174.31
      objectReference: {fileID: 0}
    - target: {fileID: 426876, guid: 0f158a412e9528f4c9b178c7561ada12, type: 2}
      propertyPath: m_LocalPosition.y
      value: 53.610645
      objectReference: {fileID: 0}
    - target: {fileID: 426876, guid: 0f158a412e9528f4c9b178c7561ada12, type: 2}
      propertyPath: m_LocalPosition.z
      value: -176.57
      objectReference: {fileID: 0}
    - target: {fileID: 426876, guid: 0f158a412e9528f4c9b178c7561ada12, type: 2}
      propertyPath: m_LocalRotation.x
      value: -0
      objectReference: {fileID: 0}
    - target: {fileID: 426876, guid: 0f158a412e9528f4c9b178c7561ada12, type: 2}
      propertyPath: m_LocalRotation.y
      value: -0
      objectReference: {fileID: 0}
    - target: {fileID: 426876, guid: 0f158a412e9528f4c9b178c7561ada12, type: 2}
      propertyPath: m_LocalRotation.z
      value: -0
      objectReference: {fileID: 0}
    - target: {fileID: 426876, guid: 0f158a412e9528f4c9b178c7561ada12, type: 2}
      propertyPath: m_LocalRotation.w
      value: 1
      objectReference: {fileID: 0}
    - target: {fileID: 426876, guid: 0f158a412e9528f4c9b178c7561ada12, type: 2}
      propertyPath: m_RootOrder
      value: 8
      objectReference: {fileID: 0}
    - target: {fileID: 426876, guid: 0f158a412e9528f4c9b178c7561ada12, type: 2}
      propertyPath: m_LocalScale.x
      value: 1
      objectReference: {fileID: 0}
    - target: {fileID: 426876, guid: 0f158a412e9528f4c9b178c7561ada12, type: 2}
      propertyPath: m_LocalScale.y
      value: 1
      objectReference: {fileID: 0}
    - target: {fileID: 426876, guid: 0f158a412e9528f4c9b178c7561ada12, type: 2}
      propertyPath: m_LocalScale.z
      value: 1
      objectReference: {fileID: 0}
    m_RemovedComponents: []
  m_ParentPrefab: {fileID: 100100000, guid: 0f158a412e9528f4c9b178c7561ada12, type: 2}
  m_IsPrefabParent: 0
--- !u!4 &2013281964 stripped
Transform:
  m_PrefabParentObject: {fileID: 426876, guid: 0f158a412e9528f4c9b178c7561ada12, type: 2}
  m_PrefabInternal: {fileID: 2013281963}
--- !u!1001 &2021047389
Prefab:
  m_ObjectHideFlags: 0
  serializedVersion: 2
  m_Modification:
    m_TransformParent: {fileID: 0}
    m_Modifications:
    - target: {fileID: 4912263510059074, guid: 1571b07b8bf92a449bc18d5a19b8261d, type: 2}
      propertyPath: m_LocalPosition.x
      value: 158.43521
      objectReference: {fileID: 0}
    - target: {fileID: 4912263510059074, guid: 1571b07b8bf92a449bc18d5a19b8261d, type: 2}
      propertyPath: m_LocalPosition.y
      value: 52.007008
      objectReference: {fileID: 0}
    - target: {fileID: 4912263510059074, guid: 1571b07b8bf92a449bc18d5a19b8261d, type: 2}
      propertyPath: m_LocalPosition.z
      value: -162.70667
      objectReference: {fileID: 0}
    - target: {fileID: 4912263510059074, guid: 1571b07b8bf92a449bc18d5a19b8261d, type: 2}
      propertyPath: m_LocalRotation.x
      value: 0.020416068
      objectReference: {fileID: 0}
    - target: {fileID: 4912263510059074, guid: 1571b07b8bf92a449bc18d5a19b8261d, type: 2}
      propertyPath: m_LocalRotation.y
      value: 0.97299314
      objectReference: {fileID: 0}
    - target: {fileID: 4912263510059074, guid: 1571b07b8bf92a449bc18d5a19b8261d, type: 2}
      propertyPath: m_LocalRotation.z
      value: -0.02778613
      objectReference: {fileID: 0}
    - target: {fileID: 4912263510059074, guid: 1571b07b8bf92a449bc18d5a19b8261d, type: 2}
      propertyPath: m_LocalRotation.w
      value: 0.22824456
      objectReference: {fileID: 0}
    - target: {fileID: 4912263510059074, guid: 1571b07b8bf92a449bc18d5a19b8261d, type: 2}
      propertyPath: m_RootOrder
      value: 5
      objectReference: {fileID: 0}
    - target: {fileID: 4912263510059074, guid: 1571b07b8bf92a449bc18d5a19b8261d, type: 2}
      propertyPath: m_LocalEulerAnglesHint.y
      value: 153.64601
      objectReference: {fileID: 0}
    - target: {fileID: 4912263510059074, guid: 1571b07b8bf92a449bc18d5a19b8261d, type: 2}
      propertyPath: m_LocalEulerAnglesHint.x
      value: 3.634
      objectReference: {fileID: 0}
    - target: {fileID: 4912263510059074, guid: 1571b07b8bf92a449bc18d5a19b8261d, type: 2}
      propertyPath: m_LocalEulerAnglesHint.z
      value: 1.5530001
      objectReference: {fileID: 0}
    m_RemovedComponents: []
  m_ParentPrefab: {fileID: 100100000, guid: 1571b07b8bf92a449bc18d5a19b8261d, type: 2}
  m_IsPrefabParent: 0
--- !u!4 &2021047390 stripped
Transform:
  m_PrefabParentObject: {fileID: 4239920857635704, guid: 1571b07b8bf92a449bc18d5a19b8261d,
    type: 2}
  m_PrefabInternal: {fileID: 2021047389}
--- !u!1001 &2068077229
Prefab:
  m_ObjectHideFlags: 0
  serializedVersion: 2
  m_Modification:
    m_TransformParent: {fileID: 301437394}
    m_Modifications:
    - target: {fileID: 481336, guid: 47d9203b0b615ba4eb5e93ec73e91450, type: 2}
      propertyPath: m_LocalPosition.x
      value: 164.57536
      objectReference: {fileID: 0}
    - target: {fileID: 481336, guid: 47d9203b0b615ba4eb5e93ec73e91450, type: 2}
      propertyPath: m_LocalPosition.y
      value: 52.119995
      objectReference: {fileID: 0}
    - target: {fileID: 481336, guid: 47d9203b0b615ba4eb5e93ec73e91450, type: 2}
      propertyPath: m_LocalPosition.z
      value: -175.23688
      objectReference: {fileID: 0}
    - target: {fileID: 481336, guid: 47d9203b0b615ba4eb5e93ec73e91450, type: 2}
      propertyPath: m_LocalRotation.x
      value: -0
      objectReference: {fileID: 0}
    - target: {fileID: 481336, guid: 47d9203b0b615ba4eb5e93ec73e91450, type: 2}
      propertyPath: m_LocalRotation.y
      value: -0.1008797
      objectReference: {fileID: 0}
    - target: {fileID: 481336, guid: 47d9203b0b615ba4eb5e93ec73e91450, type: 2}
      propertyPath: m_LocalRotation.z
      value: -0
      objectReference: {fileID: 0}
    - target: {fileID: 481336, guid: 47d9203b0b615ba4eb5e93ec73e91450, type: 2}
      propertyPath: m_LocalRotation.w
      value: 0.9948987
      objectReference: {fileID: 0}
    - target: {fileID: 481336, guid: 47d9203b0b615ba4eb5e93ec73e91450, type: 2}
      propertyPath: m_RootOrder
      value: 5
      objectReference: {fileID: 0}
    - target: {fileID: 481336, guid: 47d9203b0b615ba4eb5e93ec73e91450, type: 2}
      propertyPath: m_LocalEulerAnglesHint.y
      value: -11.580001
      objectReference: {fileID: 0}
    - target: {fileID: 481336, guid: 47d9203b0b615ba4eb5e93ec73e91450, type: 2}
      propertyPath: m_LocalScale.x
      value: 1
      objectReference: {fileID: 0}
    - target: {fileID: 481336, guid: 47d9203b0b615ba4eb5e93ec73e91450, type: 2}
      propertyPath: m_LocalScale.y
      value: 1
      objectReference: {fileID: 0}
    - target: {fileID: 481336, guid: 47d9203b0b615ba4eb5e93ec73e91450, type: 2}
      propertyPath: m_LocalScale.z
      value: 1
      objectReference: {fileID: 0}
    m_RemovedComponents: []
  m_ParentPrefab: {fileID: 100100000, guid: 47d9203b0b615ba4eb5e93ec73e91450, type: 2}
  m_IsPrefabParent: 0
--- !u!4 &2068077230 stripped
Transform:
  m_PrefabParentObject: {fileID: 481336, guid: 47d9203b0b615ba4eb5e93ec73e91450, type: 2}
  m_PrefabInternal: {fileID: 2068077229}
--- !u!1 &2099114647
GameObject:
  m_ObjectHideFlags: 0
  m_PrefabParentObject: {fileID: 0}
  m_PrefabInternal: {fileID: 0}
  serializedVersion: 5
  m_Component:
  - component: {fileID: 2099114648}
  - component: {fileID: 2099114649}
  - component: {fileID: 2099114652}
  - component: {fileID: 2099114651}
  m_Layer: 0
  m_Name: Water
  m_TagString: Untagged
  m_Icon: {fileID: 0}
  m_NavMeshLayer: 0
  m_StaticEditorFlags: 0
  m_IsActive: 1
--- !u!4 &2099114648
Transform:
  m_ObjectHideFlags: 0
  m_PrefabParentObject: {fileID: 0}
  m_PrefabInternal: {fileID: 0}
  m_GameObject: {fileID: 2099114647}
  m_LocalRotation: {x: -0, y: -0, z: -0, w: 1}
  m_LocalPosition: {x: 0, y: 50, z: 0}
  m_LocalScale: {x: 35.24, y: 0, z: 35.24}
  m_Children:
  - {fileID: 1216082747}
  - {fileID: 693649480}
  - {fileID: 1750397137}
  - {fileID: 1967657850}
  - {fileID: 2120479795}
  m_Father: {fileID: 162693008}
  m_RootOrder: 2
  m_LocalEulerAnglesHint: {x: 0, y: 0, z: 0}
--- !u!114 &2099114649
MonoBehaviour:
  m_ObjectHideFlags: 0
  m_PrefabParentObject: {fileID: 0}
  m_PrefabInternal: {fileID: 0}
  m_GameObject: {fileID: 2099114647}
  m_Enabled: 1
  m_EditorHideFlags: 0
  m_Script: {fileID: 11500000, guid: a1da353243062479a9b31c85074a796b, type: 3}
  m_Name: 
  m_EditorClassIdentifier: 
  sharedMaterial: {fileID: 2100000, guid: a5f2339f242f6cc41a982ec55ea3c201, type: 2}
  waterQuality: 1
  edgeBlend: 1
--- !u!114 &2099114651
MonoBehaviour:
  m_ObjectHideFlags: 0
  m_PrefabParentObject: {fileID: 0}
  m_PrefabInternal: {fileID: 0}
  m_GameObject: {fileID: 2099114647}
  m_Enabled: 1
  m_EditorHideFlags: 0
  m_Script: {fileID: 11500000, guid: 42e7f46d0e5a84171a3909479c1646ba, type: 3}
  m_Name: 
  m_EditorClassIdentifier: 
--- !u!114 &2099114652
MonoBehaviour:
  m_ObjectHideFlags: 0
  m_PrefabParentObject: {fileID: 0}
  m_PrefabInternal: {fileID: 0}
  m_GameObject: {fileID: 2099114647}
  m_Enabled: 1
  m_EditorHideFlags: 0
  m_Script: {fileID: 11500000, guid: de2ab2b9ac93bb544b9552e49030371b, type: 3}
  m_Name: 
  m_EditorClassIdentifier: 
  specularLight: {fileID: 2120479795}
--- !u!1 &2120479794
GameObject:
  m_ObjectHideFlags: 0
  m_PrefabParentObject: {fileID: 0}
  m_PrefabInternal: {fileID: 0}
  serializedVersion: 5
  m_Component:
  - component: {fileID: 2120479795}
  m_Layer: 0
  m_Name: Specular
  m_TagString: Untagged
  m_Icon: {fileID: 0}
  m_NavMeshLayer: 0
  m_StaticEditorFlags: 0
  m_IsActive: 1
--- !u!4 &2120479795
Transform:
  m_ObjectHideFlags: 0
  m_PrefabParentObject: {fileID: 0}
  m_PrefabInternal: {fileID: 0}
  m_GameObject: {fileID: 2120479794}
  m_LocalRotation: {x: -0.0015695563, y: 0.99474496, z: -0.10120303, w: -0.015427485}
  m_LocalPosition: {x: 0, y: 10, z: 10}
  m_LocalScale: {x: 1, y: 1, z: 1}
  m_Children: []
  m_Father: {fileID: 2099114648}
  m_RootOrder: 4
  m_LocalEulerAnglesHint: {x: 0, y: 0, z: 0}
